2539 4107
443 403 499 452 16
961 390 1016 438 M
1103 388 1139 436 E
1229 388 1274 435 D
1364 385 1383 433 I
1474 385 1516 431 C
1609 382 1644 429 E
1736 384 1777 430 A

443 480 790 551 creditum.
879 473 1037 540 Nec
1083 472 1365 537 alienum
1407 518 1426 547 ‚
1495 466 1729 534 Gallici
1769 465 2001 530 Martis
2065 469 2308 554 nuptiis

443 582 825 650 Threicium
853 570 1174 640 intereffe.

532 683 803 771 Reginae
843 678 1009 742 latus
1041 670 1488 763 Paranympha
1523 667 1725 735 Pallas
1773 665 2117 732 claudebat
2143 715 2164 743 ,
2213 667 2320 731 Sa-

452 785 711 876 pientiae
737 783 882 844 Dea
906 827 926 854 ‚
961 800 1110 865 quae
1128 775 1399 862 Reginis
1424 772 1603 859 praeit
1629 817 1650 845 ,
1676 768 1748 831 &
1775 766 1854 831 ad
1880 766 2057 831 recte
2084 766 2323 830 facien-

456 884 619 950 dum
637 882 822 946 ducit
843 927 864 955 ,
888 895 964 941 ut
985 870 1262 940 honesta
1284 872 1318 935 a
1342 867 1785 934 deterioribus
1809 916 1829 944 ‚
1855 867 2037 932 utilia
2059 866 2093 929 a
2114 862 2325 932 noxiis

459 985 849 1054 discernant,
869 979 941 1041 &
966 973 1378 1065 quantumin
1401 969 1466 1034 se
1491 966 1588 1034 est
1610 990 1964 1057 regnorum
1988 968 2328 1033 incolumi-

457 1088 570 1151 tati
614 1078 940 1148 studeant.
1009 1078 1163 1141 Hoc
1202 1069 1560 1160 conspefftu
1584 1067 2005 1158 prudentiam
2065 1069 2143 1134 M
2167 1094 2199 1131 E
2223 1093 2263 1132 D
2287 1093 2332 1132 1-

460 1210 496 1249 c
520 1211 550 1247 E
575 1210 611 1248 A
635 1209 680 1246 M
736 1182 1004 1267 Regum
1038 1171 1376 1240 fortiffimo
1415 1169 1666 1236 nubere
1692 1169 1882 1234 scena
1906 1167 2328 1258 loquebatur.

459 1289 559 1356 Ex
580 1279 773 1347 hastae
794 1279 1095 1367 suprema
1124 1272 1390 1364 cuspide
1417 1271 1731 1338 vexillum
1754 1269 2001 1335 fluebat
2067 1272 2147 1334 M
2171 1295 2202 1333 E
2225 1295 2265 1334 D
2289 1296 2335 1334 1-

462 1410 497 1449 c
522 1411 553 1449 E
578 1410 623 1446 AE
686 1380 927 1447 domus
968 1376 1227 1465 infignia
1251 1371 1608 1439 ostentans.
1670 1372 1844 1459 AEgis
1886 1393 2022 1435 non
2043 1369 2337 1435 Medusae

459 1487 649 1553 vultu
671 1534 691 1561 ,
712 1480 824 1547 sed
851 1478 1080 1543 iisdem
1106 1473 1460 1564 infignibus
1490 1471 1788 1560 inscripta
1806 1521 1826 1549 ‚
1850 1472 2175 1559 Reginam
2199 1471 2340 1536 illu-

460 1586 604 1653 stris
631 1583 879 1649 familiae
914 1571 1576 1644 commonefaciebat.
1641 1572 1894 1637 Placuit
1933 1570 2165 1637 harum
2211 1572 2341 1637 ele-

463 1688 830 1776 gantiarum
854 1677 1166 1744 industrio
1192 1677 1541 1751 inventori,
1556 1672 1780 1739 foedos
1806 1670 2180 1762 crudosque
2202 1673 2343 1737 vul-

465 1805 573 1851 tus
604 1786 675 1848 &
702 1785 1042 1870 vipereum
1075 1794 1272 1865 caput
1317 1794 1612 1840 avertere
1653 1772 1738 1838 ab
1760 1772 2047 1838 amabilis
2069 1774 2340 1862 Reginae

468 1886 654 1952 vultu
681 1884 753 1948 &
778 1882 1148 1972 nuptiarum
1173 1876 1379 1941 sacris.

718 2091 847 2137 IN
969 2081 2071 2137 SPECTACVLVM.

610 2233 786 2336 EN,
817 2230 1022 2287 bellatori
1040 2227 1175 2285 nubit
1219 2228 1288 2284 M
1312 2248 1338 2283 E
1362 2246 1396 2282 D
1424 2247 1441 2283 1
1466 2245 1496 2283 c
1523 2248 1550 2282 Ε
1572 2246 1603 2281 A
1650 2225 1842 2280 marita.

653 2324 655 2326 ¹
796 2334 864 2388 Et
879 2333 1099 2406 Princeps
1115 2326 1293 2384 Italdm
1306 2325 1453 2383 nobile
1448 2327 1597 2403 fedus
1611 2325 1736 2381 adit.

649 2436 715 2489 Et
731 2428 1227 2504 rutilisjuxtc'zfhgem
1271 2427 1334 2482 H
1363 2450 1389 2483 E
1415 2446 1455 2481 N
1479 2446 1514 2479 R
1538 2448 1553 2480 1
1582 2444 1611 2480 c
1637 2446 1668 2481 v
1695 2443 1718 2479 s
1763 2426 1815 2478 in
1830 2427 1978 2480 armis
1990 2464 2005 2486 ‚

797 2526 1000 2600 Hacslbi
1012 2524 1300 2602 ſseptrorum
1300 2527 1431 2603 spem
1437 2527 1660 2601 genitrice
1658 2523 1789 2598 facit
1799 2565 1809 2576 .

654 2627 871 2685 fflrculisr
885 2625 1140 2707 hikffaciem
1156 2625 1340 2685 videas,
1355 2623 1429 2677 hic
1441 2623 1656 2677 Pallada.
1697 2642 1900 2701 quorum

796 2729 905 2781 Haec
920 2729 1069 2801 regnis
1084 2740 1284 2779 mentem
1300 2722 1578 2784 commodat,
1597 2722 1675 2778 Ille
1689 2741 1889 2776 manum
1900 2764 1910 2774 .

270 2913 402 2949 Avenio-
557 2890 743 2978 Qia
767 2884 851 2950 de
873 2886 1141 2971 Nuptiis
1163 2884 1389 2970 Regiis
1417 2882 1626 2944 sermo
1653 2877 1749 2944 est
1765 2929 1785 2958 ,
1808 2876 2088 2943 referam
2110 2901 2244 2946 non
2270 2898 2347 2946 ut

272 2963 396 3058 {wit-²
409 2961 456 3008 fi·
473 3010 671 3080 grave
694 3009 767 3051 ac
789 2985 1091 3051 severum
1112 2978 1491 3069 aliquid‚sed
1511 2979 1747 3046 laboris
1773 2981 1845 3046 &
1867 2977 2192 3047 industria:
2212 2983 2348 3071 ple-

271 3060 459 3163 }ffffiffie‘
476 3113 637 3155 num
664 3137 683 3165 ‚
728 3081 1217 3152 Avenionenses
1241 3131 1260 3159 ,
1305 3101 1467 3146 tunc
1493 3103 1648 3146 cum
1672 3099 1956 3170 nuptura
1981 3082 2153 3170 Regi
2175 3083 2350 3148 Ave-

274 3169 746 3254 {Z'Zm32222.n10nen1
771 3181 1046 3250 venisset
1065 3185 1340 3271 Regina,
1357 3184 1422 3245 in
1446 3181 1724 3247 arcubus
1750 3184 1822 3247 &
1843 3181 2116 3246 theatris
2141 3183 2350 3272 septe-

483 3290 736 3353 narium
754 3307 1127 3360 numerum,
1148 3286 1262 3372 qui
1284 3282 1645 3371 auspicatus
1675 3285 1746 3348 &
1771 3281 1955 3347 bonae
1983 3282 2216 3348 criseos
2241 3283 2348 3348 ha-

486 3389 629 3453 beri
652 3385 837 3461 solet,
860 3382 1117 3474 elegisse
1134 3432 1154 3460 ,
1175 3401 1250 3447 ut
1270 3385 1442 3471 Regi
1464 3386 1536 3449 δε
1556 3385 1828 3472 Reginae
1850 3384 1921 3447 δε
1944 3382 2104 3447 Vrbi
2126 3384 2348 3448 multis

488 3491 552 3552 in
573 3486 770 3550 rebus
799 3487 1328 3548 convenientem.
1395 3485 1573 3548 Nam
1621 3508 1655 3547 v
1676 3509 1733 3546 11
1776 3482 2006 3571 palatia
2028 3487 2093 3547 in
2116 3505 2188 3547 ea
2207 3531 2226 3559 ,
2248 3501 2350 3547 to-

490 3586 697 3653 tidem
729 3586 1042 3676 paroecias
1065 3633 1084 3660 ,
1137 3609 1170 3647 ν
1195 3609 1210 3645 1
1235 3609 1251 3646 1
1298 3582 1683 3649 monasteria
1724 3586 1992 3673 antiqua
2011 3633 2030 3661 ‚
2079 3575 2354 3647 v11'de-

2050 3700 2347 3747 VOtaI‘UH]
