2539 4107
808 259 1512 311 HOSPES.
2065 285 2119 317 Μ

236 338 440 416 strum
462 372 615 415 cum
641 370 725 414 eo
751 344 1071 412 incedens
1100 346 1180 412 ad
1205 351 1416 432 majus
1445 354 1769 441 templum
1797 352 2116 433 deduxit3
2165 386 2207 417 υ

234 451 349 517 ubi
370 456 436 517 in
455 449 665 542 pedes
688 448 886 516 ambo
903 447 1493 527 descenderunt‚&
1511 452 1661 540 post
1682 455 1976 541 peractas
1999 482 2118 547 pu-
2161 489 2204 519 υ

234 552 431 619 blicas
458 575 692 644 preces
736 556 804 616 in
826 553 1150 617 Palatium
1175 547 1622 617 discefferunt.
1689 555 1724 617 a
1751 575 1943 621 coena
1970 582 2118 648 quae
2160 590 2202 619 2,

226 653 565 723 lautiffima
586 673 805 746 parata
828 672 999 733 erat,
1026 652 1109 717 ad
1159 656 1239 718 M
1263 680 1300 719 A
1325 679 1364 718 R
1386 679 1404 717 1
1428 679 1464 718 A
1489 679 1534 716 M
1586 653 1985 721 salutandam
2007 661 2117 723 Al-
2160 690 2202 718 a>

228 756 680 823 dobrandinus
707 759 1023 847 perrexit.
1095 753 1202 820 die
1244 756 1552 845 sequenti
1573 757 1903 846 nuptiales
1930 781 2116 823 cere-
2159 788 2201 820 υ

225 861 462 924 moniae
483 859 762 947 peractae
789 906 809 935 ‚
843 858 981 946 ipso
1004 860 1258 946 Legato
1284 857 1456 921 sacra
1481 877 1844 946 peragente
1866 908 1885 936 ‚
1932 862 2006 925 &
2034 859 2115 924 ad
2158 879 2200 921 η

224 957 528 1023 dextram
568 960 647 1021 M
671 983 708 1021 A
734 983 774 1020 R
797 984 814 1020 1
839 983 876 1021 A
898 1008 916 1035 ‚
963 956 1045 1022 ad
1080 958 1306 1024 laevam
1341 960 1597 1047 Magno
1619 962 1895 1025 Etruriae
1917 965 2113 1027 Duce
2156 992 2199 1022 υ

220 1058 493 1147 Reginae
518 1076 758 1147 patruo
786 1055 1216 1123 adstantibus,
2154 1093 2196 1123 >9

275 1157 535 1249 'Atque
580 1158 679 1225 hae
717 1157 997 1249 quidem
1018 1161 1296 1249 Nuptiae
1337 1157 1686 1225 fiduciaria:
1729 1159 1943 1227 fuere.
2016 1164 2108 1231 At

216 1258 574 1350 postquam
618 1283 703 1325 ex
728 1260 918 1326 Italia
956 1262 1023 1323 in
1046 1261 1326 1326 Galliam
1366 1263 1620 1350 appulit
1647 1263 1906 1351 Regina
1948 1313 1968 1341 ‚
2033 1267 2109 1330 &

215 1360 623 1452 Lugdunum
643 1365 829 1428 venit
849 1413 868 1440 ,
903 1361 1035 1451 ipsa
1060 1365 1462 1427 matrimonii
1485 1363 1778 1428 solennia
1798 1366 1947 1428 Rex
1974 1365 2108 1454 ipse

215 1460 462 1552 absque
484 1461 867 1546 fidejussore
892 1461 1204 1550 explevit.
1276 1463 1409 1527 Hic
1431 1465 1689 1552 Regina
1725 1482 1911 1529 totos
1947 1466 2107 1530 offro

213 1559 358 1627 dies
380 1566 643 1652 Regem
667 1613 687 1641 ,
732 1567 851 1652 qui
897 1561 978 1625 ad
1025 1562 1088 1626 S.
1118 1563 1489 1628 Catharinae
1528 1565 2107 1651 propugnaculum

208 1662 550 1751 profectus
577 1662 796 1725 fuerat
817 1708 837 1739 ,
878 1660 1151 1725 tandem
1188 1688 1224 1726 v
1258 1660 1404 1725 Eid.
1444 1660 1637 1726 xbris
1666 1660 2107 1752 adproperare

208 1762 539 1827 intellexit
560 1811 579 1840 ,
605 1763 678 1826 &
701 1784 786 1827 eo
809 1760 919 1826 die
942 1760 1354 1827 adfuturum.
1425 1763 1712 1829 Coenam
1734 1767 2104 1853 temporius

208 1882 365 1929 cum
386 1860 701 1929 sumfiffet
729 1859 802 1929 &
830 1866 898 1927 in
916 1863 1302 1954 proximum
1323 1865 1643 1931 conclave
1671 1863 2106 1943 conceffiffet,

205 1962 442 2053 praesto
466 1966 616 2028 Rex
658 1964 920 2023 militari
964 1962 1198 2022 habitu
1241 1963 1474 2023 adfuit.
1553 1969 1732 2024 Tum
1771 1962 2103 2031 celebrata

208 2061 441 2128 denuo
462 2060 874 2150 Nuptiarum
898 2059 1247 2124 Florentiae
1273 2059 1762 2125 contra6³mrum
1780 2113 1800 2141 ,
1822 2063 2101 2130 solenni-

205 2182 306 2228 tas
333 2162 482 2239 fuit,
503 2157 1031 2251 frequentissimo
1053 2162 1451 2251 principum,
1479 2183 1835 2250 procerum
1857 2165 1929 2228 &
1957 2167 2099 2231 illu-

204 2262 435 2329 strium
457 2280 906 2328 matronarum
936 2312 957 2340 ‚
1000 2283 1271 2327 necnon
1299 2280 1639 2328 oratorum
1664 2283 2098 2331 externorum

204 2383 392 2432 coetu
412 2415 433 2444 ,
477 2366 587 2429 cui
633 2365 807 2428 inter
845 2363 1007 2428 alios
1051 2361 1332 2427 Carolus
1355 2363 1648 2453 Ligneus
1673 2364 2096 2457 Arembergii

206 2465 458 2531 Comes
481 2515 502 2544 ‚
535 2463 795 2531 Alberti
820 2465 893 2529 &
916 2462 1201 2529 Isabellae
1222 2464 1681 2530 Archiducum
1704 2470 1977 2532 nomine
1998 2470 2093 2533 in-

202 2566 458 2633 terfuit.

286 2669 540 2734 Verum
561 2687 637 2733 ut
682 2667 764 2732 ad
785 2666 1038 2732 Arcum
1058 2666 1555 2756 Triumphalem
1580 2685 1871 2735 revertar
1894 2718 1914 2747 ,
1958 2669 2090 2732 Re-

200 2771 354 2858 gina
376 2791 574 2833 curru
600 2771 667 2831 in
688 2767 1060 2833 Theatrum
1081 2766 1362 2834 obverso
1379 2817 1398 2847 ,
1420 2767 1852 2834 intentiffimis
1879 2770 2089 2835 oculis

199 2871 423 2934 omnia
442 2871 909 2958 contemplata,
929 2892 1067 2935 non
1087 2869 1239 2934 ante
1261 2868 1506 2935 haerere
1527 2869 1637 2934 hic
1659 2869 1867 2949 desiit,
1889 2892 2091 2961 quam

203 2971 542 3060 explicatae
558 2973 826 3036 cortinae
842 2990 1064 3037 tantos
1081 2972 1255 3055 Conj
1265 2990 1431 3061 uges
1446 2970 1920 3062 spectatoribus
1943 2970 2091 3036 sub-

202 3069 555 3138 duxissent.
603 3074 780 3137 Hinc
806 3096 923 3161 per
945 3095 1062 3140 eos
1089 3076 1275 3139 vicos
1305 3072 1620 3163 urbisque
1644 3075 1780 3139 vias
1809 3076 2089 3137 circum-

203 3172 403 3238 ducta
422 3225 442 3253 ‚
481 3198 631 3264 quae
660 3175 733 3237 δε
757 3173 1159 3239 celebriores
1186 3226 1206 3254 ,
1248 3177 1321 3240 &
1344 3177 1752 3265 patentiores
1783 3173 2086 3239 curribus

201 3276 564 3365 pertranfiri
585 3273 1008 3340 commodius
1033 3294 1362 3366 poterant.
1432 3280 1615 3342 Itum
1655 3298 1774 3366 per
1812 3276 2087 3366 populo-

205 3378 336 3441 sam
376 3378 449 3442 &
490 3376 755 3443 densam
790 3381 1225 3443 mercantium
1256 3377 1534 3444 officinis
1563 3380 1921 3444 Oletariam
1954 3374 2083 3462 pla-

207 3496 410 3559 team,
429 3477 545 3546 ubi
565 3478 803 3547 aedium
823 3481 1040 3570 precia
1064 3480 1605 3572 immensa‚1pacia
1624 3472 2077 3568 angustiffima‚

723 3582 726 3585 V
1184 3585 1248 3646 D
1344 3612 1369 3663 3
1876 3575 2080 3638 Mith
