2539 4107
417 429 478 464 20
942 407 999 454 M
1087 402 1125 454 E
1215 407 1260 454 D
1349 405 1372 451 ἶ
1459 406 1507 451 (Σ
1600 404 1635 449 E
1731 404 1770 447 A

324 524 375 557 π
419 500 540 565 rici
589 527 610 560 1
642 528 663 560 1
715 496 782 560 F.
829 491 1153 560 &Caroli
1190 517 1270 555 ix
1313 490 1536 555 sorore
1564 507 1718 552 ante
1769 510 2054 552 xxv111
2101 508 2311 561 annos

332 626 376 658 υ
414 595 837 665 contractum
856 647 876 675 ,
916 615 1075 660 cum
1114 593 1437 658 sententia
1459 589 1850 655 aFrancisco
1872 590 2064 654 Ioiisa
2089 588 2319 655 Cardi==

336 729 380 759 n
423 702 555 766 nali
575 700 704 765 lata
724 698 977 764 nullum
998 692 1162 761 effet
1189 694 1595 759 declaratum
1611 742 1629 769 ,
1652 693 1954 779 protinus
1976 693 2135 756 Nic,
2162 695 2317 756 Bru—

336 830 382 861 n
425 805 632 868 lartus
657 801 950 867 Sillerius
975 847 994 874 ,
1037 799 1155 884 qui
1199 793 1376 884 apud
1396 792 1798 858 Pontificem
1836 795 2000 881 regii
2040 796 2318 858 oratoris

337 930 385 962 υ
426 924 704 970 munere
732 896 1173 987 fungebatur,
1217 897 1618 960 Florentiam
1640 915 1795 957 cum
1829 891 2154 958 mandatis
2191 917 2325 959 am-

341 1031 387 1062 „
426 1002 709 1096 plissimis
739 1001 1033 1065 excurrit
1066 1046 1086 1076 ,
1148 1015 1224 1062 ut
1251 994 1750 1062 conditionibus
1784 994 1923 1077 jam
1945 997 2206 1084 agitatis
2251 997 2328 1060 δε

344 1132 387 1163 ³³
430 1105 784 1172 conventis
805 1103 1012 1190 Regis
1039 1102 1311 1163 nomine
1334 1096 1787 1163 subscriberet.
1833 1095 2066 1187 postea
2086 1098 2237 1160 Rex
2260 1098 2326 1160 in

345 1233 387 1263 υ
430 1204 826 1273 Sabaudiam
850 1200 1267 1292 profecturus
1283 1250 1303 1279 ,
1324 1194 1596 1290 speciale
1620 1194 2008 1265 mandatum
2028 1197 2330 1287 sponsali-

345 1333 387 1362 υ
430 1309 518 1372 tia
558 1301 997 1372 contrahendi
1058 1300 1138 1366 ad
1178 1300 1663 1367 Ferdinandum
1698 1302 2027 1389 Magnum
2058 1301 2331 1364 Etruriae

344 1435 387 1465 κ
430 1407 676 1474 ducem
697 1456 717 1485 ,
760 1407 841 1472 Μ
865 1430 901 1470 A
928 1430 968 1469 R
990 1430 1007 1468 1
1030 1429 1076 1466 AE
1120 1422 1589 1493 patruum,per
1608 1404 1981 1490 Rogerium
2003 1400 2335 1487 Bellogar-

346 1536 390 1566 υ
433 1509 622 1575 dium
641 1530 956 1599 magnum
975 1508 1261 1570 Franciae
1282 1503 1717 1593 hipparchum
1738 1504 1943 1567 mittit
1970 1551 1989 1579 ,
2036 1501 2154 1589 qui
2179 1521 2335 1564 cum

349 1638 391 1666 π)
434 1637 474 1674 x
495 1638 531 1674 L
573 1611 612 1674 e
637 1609 986 1675 nobilitate
1009 1604 1268 1672 dele&a
1290 1602 1572 1670 Massilia·
1597 1604 1787 1670 solvit
1808 1654 1827 1682 ,
1871 1605 1943 1679 &
1969 1600 2333 1667 Liburnum

349 1737 393 1766 υ
436 1735 550 1775 XII
595 1711 742 1774 Kal.
773 1723 826 1774 ‘v
850 1741 870 1771 1
905 1740 925 1771 1
958 1740 978 1770 I
1013 1707 1110 1771 br.
1160 1707 1410 1796 appulit
1434 1755 1454 1784 ,
1500 1704 1725 1770 triduo
1754 1701 1905 1793 post
1932 1704 2334 1769 Florentiam

350 1838 393 1868 a>
439 1807 759 1899 ingressus
787 1857 806 1888 ,
847 1811 920 1874 &
951 1808 986 1872 a
1009 1811 1266 1874 Ioanne
1295 1810 1368 1872 δε
1395 1808 1697 1871 Antonio
1724 1804 1978 1868 familiae
2004 1802 2337 1868 Mediceae

352 1939 396 1970 ευ
437 1910 841 1976 naturalibus
868 1908 1090 1975 liberis
1115 1905 1607 1998 perhonorifice
1634 1922 1984 1992 exceptus,
2054 1925 2138 1967 ex
2158 1903 2347 1974 Pala-¹

353 2038 395 2069 κ
442 2016 538 2077 tio
578 2013 904 2077 Pitiorum
945 2010 1213 2077 obviam
1257 2014 1322 2074 ei
1365 2004 1674 2098 proceffit
1693 2001 2149 2072 Ferdinandus
2198 2004 2334 2093 ipse

354 2138 395 2169 δ’
440 2114 734 2198 Magnus
752 2112 1026 2172 Etruriae
1050 2115 1213 2172 Dux
1241 2132 1397 2170 cum
1423 2111 1601 2168 omni
1632 2109 1849 2166 aulico
1872 2108 2198 2168 comitatu
2215 2154 2234 2182 ,
2262 2106 2337 2169 δῖ

354 2239 396 2270 2,
440 2208 593 2301 post
615 2227 879 2280 mutuas
907 2206 1355 2282 salutationeS,
1378 2225 1454 2267 ac
1479 2201 2141 2292 gratulationes,cum
2162 2225 2340 2267 man-

355 2341 398 2370 υ
443 2313 597 2377 data
621 2333 768 2402 quae
794 2309 830 2374 a
848 2311 1043 2399 Rege
1064 2304 1522 2397 Bellogardius
1549 2303 1861 2383 habebat,
1882 2302 2339 2381 intellexisset,

357 2442 399 2472 >a
445 2413 643 2478 ambo
669 2416 734 2475 in
753 2412 1075 2476 Palatium
1097 2408 1557 2499 perrexere,&
1579 2405 2035 2496 Bellogardius
2063 2403 2145 2469 ad
2180 2407 2342 2470 MA-

360 2542 402 2573 „
445 2540 486 2578 R
509 2540 527 2577 1
550 2540 587 2578 A
610 2539 657 2576 M
705 2510 1041 2575 deductus
1070 2511 1292 2574 literas
1335 2512 1397 2573 ei
1421 2510 1629 2596 Regis
1657 2529 1856 2572 manu
1895 2507 2162 2595 scriptas
2189 2528 2340 2594 por-

361 2644 403 2674 „
447 2618 620 2680 rexit
643 2664 662 2692 ,
684 2613 758 2676 &
785 2609 1090 2676 mandata
1112 2611 1422 2700 ampliora
1443 2607 1604 2673 fidei
1628 2608 1751 2674 suae
1773 2605 2110 2673 commiffa
2134 2629 2343 2696 expo-

361 2744 404 2775 »
448 2715 592 2781 suit.
641 2739 711 2779 vr
753 2713 942 2778 Non.
1012 2738 1048 2776 v
1070 2743 1090 2775 1
1122 2745 1142 2775 1
1176 2743 1196 2774 1
1232 2710 1328 2774 br,
1391 2712 1784 2776 Vincentius
1834 2706 2131 2774 Mantuae
2179 2712 2343 2772 Dux

362 2846 406 2877 υ
451 2839 607 2882 cum
627 2814 997 2879 Helionora
1044 2814 1123 2877 M
1149 2837 1185 2877 A
1209 2836 1249 2875 R
1273 2837 1290 2874 1
1315 2837 1362 2874 AE
1409 2809 1632 2876 sorore
1657 2861 1677 2891 ,
1721 2831 1924 2896 quam
1963 2812 2031 2870 in
2057 2830 2344 2873 uxorem

363 2949 408 2978 υ
453 2918 736 2983 duxerat
758 2964 777 2991 ,
797 2915 1194 2978 Florentiam
1219 2914 1406 2976 venit
1425 2959 1444 2987 ,
1472 2911 1544 2974 &
1567 2906 1883 2997 postridie
1904 2909 2098 2997 Reip.
2124 2910 2348 2975 Vene-

367 3049 410 3078 υ
454 3039 535 3084 ωε
581 3035 805 3084 orator
839 3016 1077 3081 Petrus
1119 3008 1661 3077 Aldobrandinus
1692 3007 2057 3075 Cardinalis
2105 3008 2188 3074 ad
2213 3011 2349 3074 Re-
2438 3058 2447 3065 x

370 3148 414 3177 υ
458 3141 611 3207 gem
656 3119 917 3207 legatus
963 3114 1050 3181 de
1090 3135 1254 3203 pace
1295 3110 1662 3178 destinatus
1708 3115 1775 3175 in
1812 3113 2052 3176 itinere
2078 3112 2346 3176 Floren-

373 3249 418 3278 υ
461 3221 620 3283 tiam
664 3216 938 3283 divertit
964 3268 983 3297 ,
1023 3233 1099 3281 ut
1139 3213 1546 3303 nuptialibus
1575 3215 1975 3279 ceremoniis
2001 3212 2344 3277 Pontificis

375 3349 419 3380 υ
462 3321 733 3384 nomine
760 3315 1142 3394 interesset,
1185 3347 1204 3379 1
1239 3347 1259 3378 1
1293 3349 1313 3380 1
1344 3348 1364 3379 1
1405 3317 1592 3383 Non.
1625 3314 1864 3381 urbem
1883 3313 2135 3379 solenni
2156 3335 2340 3403 pom-

377 3451 422 3482 „
464 3442 547 3512 pa
588 3417 907 3508 ingressus
933 3469 952 3497 ,
1002 3439 1209 3509 quern
1232 3416 1312 3481 ad
1332 3436 1593 3507 portam
1614 3417 1824 3507 usque
1848 3413 2028 3480 urbis
2054 3416 2340 3503 Magnus

380 3553 424 3583 ο,
466 3527 629 3589 Dux
652 3542 809 3586 cum
844 3543 1087 3609 magno
1111 3541 1248 3583 non
1269 3520 1478 3586 solum
1514 3519 1708 3596 aulae,
1749 3515 1863 3581 sed
1883 3516 2162 3582 univerfi
2187 3513 2344 3576 sacri

382 3653 426 3687 υ
469 3621 719 3691 ordinis
741 3624 1064 3689 comitatu
1085 3624 1472 3689 venientem
1492 3621 1784 3708 excepit,
1801 3621 1873 3684 &
1900 3617 1984 3683 ad
2008 3619 2173 3683 latus
2200 3613 2347 3678 fini-

2140 3711 2343 3780 strum
