2539 4107
450 376 506 425 52
973 345 1028 393 M
1116 341 1152 389 E
1243 339 1290 387 D
1379 339 1399 385 1
1490 337 1534 384 c
1625 335 1661 383 E
1753 338 1795 384 A

450 462 601 510 ‘teor
624 475 639 512 3
664 454 791 500 nec
816 433 995 496 enim
1016 426 1393 518 Qiritium
1413 419 1767 488 crudelitas
1796 421 2066 512 placuit,
2082 421 2329 511 quibus

454 538 670 608 cruda:
692 534 1175 622 mancipiorum
1197 525 1412 594 caedes
1457 525 1530 589 &
1569 525 1840 590 lanienae
1879 547 2001 613 pro
2041 523 2335 590 oblecta-

456 660 688 709 mento
717 652 920 701 erant.

545 739 933 808 Absolverat
957 752 1177 824 partes
1204 731 1343 796 suas
1372 725 1668 794 Amstela
1689 776 1708 805 ‚
1745 748 1901 792 cum
1923 729 2124 794 celeri
2150 730 2343 793 remi—

462 847 574 936 gio
595 856 920 929 vergente
948 837 1074 914 jam
1101 832 1209 896 die
1246 848 1679 920 properatum
1702 828 1824 893 fuit
1851 829 1934 894 ad
1953 832 2124 894 Yam
2141 879 2160 907 ‚
2186 829 2346 893 inse-

465 935 1216 1035 quentibus'Liburnicis
1243 932 1502 997 infinito
1523 951 1981 1021 numerQquae
2002 930 2164 997 dum
2185 954 2349 1020 pon-

467 1050 635 1112 tium
659 1043 948 1107 fornices
974 1034 1235 1101 tranfire
1258 1025 1491 1098 ordine
1520 1052 1758 1099 cavent
1781 1084 1800 1112 ,
1822 1032 1998 1098 saffiro
2025 1032 2351 1100 concursu

467 1149 638 1213 viam
682 1141 798 1208 fibi
840 1138 1218 1228 importuna
1257 1132 1681 1200 festinatione
1726 1136 2192 1224 praecluserunt
2222 1171 2237 1207 3
2285 1136 2353 1196 in

470 1245 814 1311 discrimen
834 1238 1009 1332 pene
1031 1236 1331 1304 adductis
1356 1235 1696 1303 celocibus
1723 1236 2109 1317 minoribus,
2137 1239 2209 1303 &
2237 1235 2354 1299 mi-

469 1369 593 1413 nus
615 1345 826 1413 valida
860 1362 1188 1432 compage
1223 1342 1413 1403 nexis
1440 1388 1460 1416 ‚
1504 1338 1748 1428 quibus
1776 1337 1932 1402 hinc
1956 1339 2111 1404 inde
2136 1333 2358 1429 pressae

470 1448 818 1513 insonuere
844 1467 1016 1510 cavae
1041 1443 1508 1532 gemitumque
1548 1437 1803 1505 dedere
1844 1461 2158 1506 cavernae.
2229 1440 2363 1502 Re-

472 1553 624 1641 gina
668 1549 950 1627 celerius
989 1544 1403 1631 adremigans
1451 1563 1607 1606 cum
1648 1542 2176 1632 myoparonibus
2224 1561 2363 1604 non

473 1650 725 1727 multi5‚
745 1647 965 1713 relicta
985 1646 1021 1710 a
1040 1664 1236 1734 tergo
1258 1641 1508 1708 tardius
1536 1639 1988 1708 festinantium
2014 1640 2227 1721 classe,
2249 1661 2367 1729 per

478 1749 866 1816 catara&am
887 1749 1330 1813 Antonianam
1353 1747 1421 1808 in
1442 1745 1558 1810 Yae
1583 1744 1915 1809 fluentum
1940 1742 2233 1811 devenit.
2266 1744 2369 1806 Ya

478 1853 558 1917 ab
582 1850 815 1917 occasu
840 1852 907 1912 in
928 1866 1151 1913 ortum
1172 1868 1414 1935 magno
1436 1867 1512 1909 ac
1537 1844 1816 1934 spatioso
1844 1844 2156 1927 alveo‚ob
2177 1843 2369 1909 exesa

480 1955 554 2018 &
575 1953 791 2017 attrita
811 1968 1194 2039 temporum
1218 1947 1706 2038 longinquitate
1734 1942 2023 2010 Austrini
2056 1945 2229 2011 finus
2270 1947 2370 2010 lit-

480 2073 625 2120 tora
643 2103 662 2130 ,
685 2051 1092 2141 Aquilonare
1113 2046 1308 2115 Vrbis
1335 2048 1503 2115 latus
1528 2048 2001 2137 praeterve6'ms
2024 2097 2043 2125 ‚
2071 2069 2376 2113 commo-

482 2154 634 2218 dam
654 2150 932 2218 navibus
971 2148 1326 2215 stationem
1349 2146 1618 2238 praebet.
1684 2150 1941 2215 Totum
1965 2147 2033 2212 id
2056 2149 2224 2213 latus
2252 2145 2374 2217 du-

482 2257 634 2346 plici
655 2254 958 2344 palorum
983 2249 1219 2317 ordine
1242 2247 1547 2317 adversus
1574 2247 1816 2315 flucss'ms
1844 2252 2200 2328 munitum,
2225 2247 2376 2315 valli

481 2359 704 2422 vicem
725 2353 991 2420 obtinet
1005 2403 1025 2431 ,
1046 2350 1381 2443 stipitibus
1410 2354 1477 2415 in
1497 2349 1778 2416 modum
1802 2351 2064 2416 muralis
2090 2351 2258 2441 sepis
2281 2372 2376 2415 ar-

485 2454 751 2521 &tiffime
789 2455 1057 2539 junctis,
1122 2451 1305 2519 Vidit
1341 2452 1451 2516 hic
1477 2454 1734 2541 Regina
1769 2452 1996 2517 locum
2016 2451 2214 2519 Vrbis
2239 2455 2380 2542 ripa

488 2558 561 2621 δε
587 2557 885 2646 palorum
909 2556 1098 2643 septo
1125 2553 1571 2631 interclusum,
1593 2575 1802 2643 quem
1822 2554 2074 2622 Walam
2096 2570 2379 2634 vocant,

487 2655 605 2722 ubi
651 2655 932 2723 hiberno
972 2674 1282 2745 tempore
1324 2676 1480 2721 cum
1520 2654 1586 2718 se
1632 2657 1826 2719 maris
1866 2653 2378 2746 tempestatibus

487 2779 689 2825 naves
716 2756 1201 2835 subduxerunt,
1222 2758 1359 2822 otia
1380 2772 1586 2846 agunt
1607 2805 1628 2833 ‚
1654 2758 1727 2821 &
1750 2756 1960 2838 usque
1987 2758 2054 2819 in
2076 2757 2382 2841 proxima

487 2862 660 2926 veris
705 2877 1007 2948 tempora
1044 2877 1207 2925 tutae
1252 2856 1685 2924 adservantur.
1766 2849 1878 2914 Ab
1920 2849 2132 2916 altero
2173 2853 2383 2921 latere

489 2960 747 3026 Navale
777 2957 893 3034 est,
914 2955 1045 3020 five
1066 2973 1215 3016 area
1237 2948 1536 3039 grandi5‚
1557 2945 1675 3012 ubi
1695 2969 1899 3014 naves
1927 2956 2240 3020 onerariae
2262 2954 2383 3021 So-

496 3060 757 3125 cietatis
782 3053 1138 3124 Orientalis
1164 3068 1277 3116 aut
1302 3048 1607 3115 aedificari
1632 3071 1857 3129 novae,
1883 3068 1997 3116 aut
2020 3055 2256 3119 attritae
2281 3079 2387 3122 re-

498 3162 701 3250 parari
726 3158 956 3223 solent.
1003 3154 1137 3220 huc
1157 3151 1319 3217 dum
1343 3151 1579 3217 oculos
1604 3156 2149 3245 praeternavigans
2175 3155 2386 3224 flefflt

504 3263 584 3325 M
607 3286 639 3322 E
660 3284 700 3323 D
725 3284 743 3321 1
769 3282 804 3320 c
827 3284 859 3321 E
883 3283 919 3323 A
935 3307 955 3335 ‚
974 3254 1140 3323 vidit
1161 3275 1393 3319 recens
1418 3253 1455 3318 ὲ
1477 3254 1873 3320 continente
1895 3253 2233 3323 demiffam
2248 3260 2386 3324 Na-

505 3381 662 3426 vem
680 3358 1042 3424 vestoriam
1062 3353 1405 3448 grandem,
1421 3354 1726 3446 qualibus
1751 3379 1836 3422 ex
1858 3356 2041 3422 Indis
2066 3359 2386 3448 transpor-
2440 3349 2443 3351 ’

507 3462 628 3526 tari
651 3459 863 3524 solent
886 3459 1156 3524 Aurorae
1175 3454 1511 3537 meffe5,&
1531 3457 1774 3524 uberes
1795 3478 2185 3548 proventus.
2223 3460 2384 3525 Mos

512 3559 611 3628 est
626 3611 646 3641 ‚
669 3558 946 3627 navibus
973 3559 1082 3625 sua
1099 3562 1442 3652 imponere
1464 3562 1729 3627 nomina
1750 3557 1994 3649 quibus
2024 3560 2388 3628 discernan-

2241 3677 2386 3740 tur,
