2539 4107
426 396 484 460 36
966 386 1021 430 ΒΛ
1104 384 1140 429 ΙΞ
1231 384 1277 429 Ι)
1363 383 1381 427 1
1469 380 1511 425 (3
1602 380 1637 425 13
1726 379 1765 423 fx

423 500 568 545 rum
591 472 827 537 dentes
852 470 917 531 in
937 485 1200 532 montes
1225 462 1470 555 aggesti
1489 511 1510 540 ,
1538 461 1655 527 ubi
1680 460 2070 525 balaenarum
2094 464 2166 527 &
2189 486 2293 529 ce-

428 597 650 643 torum
676 574 893 637 arvina
918 569 1181 659 ignibus
1210 565 1486 632 excochi
1509 614 1528 641 ‚
1570 561 1685 628 ubi
1708 562 2164 628 Brafilienfium
2186 587 2299 630 ne-

430 699 635 754 mora,
660 672 776 739 ubi
796 670 1041 736 Tabaci
1067 687 1374 735 contorta
1398 669 1462 728 in
1485 661 1820 755 cylindros
1844 664 2165 754 pondera,
2185 665 2302 731 ubi

433 779 641 844 boum
665 793 1139 864 caprarumque
1167 771 1440 844 exuviae,
1460 764 1845 830 Eburonum
1866 767 2126 830 metalla
2146 817 2166 845 ,
2190 766 2307 832 ubi.

435 881 573 944 aeris
590 875 865 944 Gothici
887 874 1133 935 laminae
1157 867 1571 933 asservantur.
1609 865 2041 930 Praeterve&a
2066 867 2190 932 fuit
2213 870 2308 933 vi-

437 996 689 1043 trorum
709 972 1002 1039 officinas
1022 1021 1040 1048 ‚
1061 969 1177 1034 ubi
1196 970 1423 1035 aeterni
1448 969 1614 1056 ignis
1641 969 1910 1031 materia
1930 966 2308 1033 fornacibus

437 1073 789 1168 liquefacta
809 1095 985 1138 nunc
1007 1071 1165 1151 flatu
1183 1121 1203 1149 ,
1237 1092 1413 1134 nunc
1439 1086 1636 1133 torno
1658 1067 1973 1156 figuratur
2019 1096 2030 1131 :
2080 1070 2197 1133 alia
2218 1091 2309 1132 ar-

434 1197 643 1269 gento
666 1225 684 1253 ,
726 1176 843 1238 alia
868 1196 1027 1238 auro
1052 1169 1444 1237 incrustatur
1466 1168 1545 1233 ad
1580 1191 2059 1258 quemcunque
2081 1170 2269 1234 usum
2290 1220 2310 1248 ‚

439 1282 637 1343 etiam
661 1274 743 1340 ad
765 1274 997 1340 escaria
1016 1273 1176 1338 vasa.
1213 1273 1380 1337 Non
1401 1271 1641 1359 placuit
1665 1271 1825 1334 olim
1845 1269 2115 1335 Tiberio
2139 1273 2311 1359 prin-

436 1379 565 1467 cipi
589 1378 720 1442 hoc
745 1378 896 1443 vitri
917 1373 1221 1439 flexibilis
1249 1389 1852 1460 temperamentum
1869 1421 1888 1449 ,
1903 1373 2041 1459 qui,
2064 1393 2148 1434 ne
2170 1392 2315 1460 pre-

439 1482 545 1543 tiis
572 1478 845 1543 aliorum
866 1476 1279 1540 metallorum
1300 1471 1759 1537 detraheretur
1777 1521 1796 1549 ‚
1822 1470 2151 1536 officinam
2178 1490 2317 1535 tan-

438 1582 488 1644 ti
515 1580 768 1644 inventi
801 1594 1081 1642 matrem
1104 1573 1415 1640 abolevit.
1482 1573 1965 1662 Opportunum
2008 1571 2134 1637 fuit
2177 1572 2317 1638 haec

440 1675 833 1767 adspectaffe
854 1678 965 1743 vel
987 1680 1053 1739 in
1079 1674 1347 1740 tranfitu
1366 1676 1708 1762 Reginam,
1732 1697 1878 1763 quae
1900 1673 2033 1739 hoc
2056 1671 2321 1738 Amste-

439 1777 831 1844 lodamenfis
858 1775 1220 1842 Amaltheae
1241 1797 1451 1840 cornu
1485 1774 1601 1839 suo
1627 1797 1907 1862 quoque
1933 1772 2155 1840 studio
2175 1824 2195 1852 ,
2245 1775 2318 1838 &

441 1902 653 1969 prono
676 1880 743 1942 in
756 1894 1162 1942 mercatores
1184 1872 1446 1940 nostros
1470 1873 1714 1939 affeetu
1737 1872 2021 1939 adauxit.
2046 1876 2204 1940 Nec
2226 1877 2319 1938 in-

443 1979 658 2068 digna:
700 1981 900 2043 etiam
938 1978 1143 2066 regali
1182 1974 1621 2041 meditatione
1644 1997 1811 2066 opes
1857 1992 2052 2040 tantae
2074 2024 2094 2053 ‚
2138 1992 2215 2041 ut
2253 1977 2321 2042 in

442 2085 670 2144 Deum
696 2078 1144 2153 authorem‚&
1166 2076 1550 2140 beneficum
1575 2098 1799 2140 earum
1822 2078 2206 2163 largitorem
2229 2076 2325 2140 se·-

444 2176 677 2244 cundae
699 2176 780 2242 ab
804 2178 913 2241 illo
938 2179 1005 2239 in
1027 2178 1216 2240 terris
1244 2192 1509 2239 mentes
1536 2173 1979 2240 reflectantur.

245 2306 378 2360 nagnam
526 2283 672 2345 Hac
716 2279 846 2369 ipsa
880 2275 1163 2367 periodo
1204 2276 1334 2342 visa
1353 2278 1626 2366 Reginae
1665 2280 1929 2342 Domus
1967 2274 2323 2342 Societatis

245 2362 407 2486 1353&ss-
443 2379 825 2470 Indiae‚quae
846 2378 928 2443 ad
951 2376 1404 2445 Occidentem
1423 2378 1654 2443 militat
1682 2380 1755 2443 δε
1778 2396 2112 2443 mercatur
2130 2428 2151 2457 ,
2172 2400 2324 2468 por-

244 2464 270 2487 θ’
291 2452 399 2488 ‘mm'
444 2484 554 2558 tis,
571 2478 1131 2569 te&i5‚gradibu5‚
1153 2482 1475 2543 mercium
1499 2480 2327 2566 receptaculiS‚atriiS‚con-

446 2580 765 2659 clavibu5,
785 2581 895 2646 vel
919 2578 1205 2668 speciosa
1226 2629 1246 2657 ‚
1267 2580 1374 2645 vel
1398 2577 1698 2667 spaciosa.
1777 2576 2031 2669 Estque
2057 2579 2198 2645 haec
2221 2581 2329 2644 illa

445 2688 711 2748 Domus
734 2731 754 2759 ‚
795 2704 944 2770 quae
966 2678 1418 2762 Occidentem
1441 2678 1598 2743 adiri
1625 2679 1697 2742 &
1718 2682 1892 2744 vinci
1916 2678 2099 2770 poffe
2120 2683 2328 2770 prima

446 2782 679 2848 docuit
707 2810 719 2846 :
747 2780 1085 2871 quae‚dum
1105 2780 1290 2846 domi
1311 2783 1500 2846 terris
1527 2777 1763 2845 nostris
1792 2780 2185 2871 oppidisque
2207 2781 2328 2846 ho-

446 2881 559 2948 stis
586 2881 890 2959 incubat,
913 2882 1203 2948 Africani
1231 2882 1540 2965 exemplo
1563 2925 1583 2953 ‚
1607 2881 1786 2941 hunc
1814 2879 2025 2966 ipsum
2045 2879 2206 2945 foris
2235 2899 2329 2946 at-

447 2984 606 3048 terit
633 2985 705 3047 &
726 2983 978 3069 fatigat.
1026 2978 1163 3043 haec
1188 2980 1403 3042 veteri
1425 2974 1595 3043 Orbi
1617 2998 1853 3066 pacem
1876 2983 2143 3069 quaerit,
2165 2981 2328 3046 dum

448 3106 629 3148 novo
650 3083 967 3170 longioris
995 3078 1147 3144 belli
1192 3080 1500 3143 alimenta
1522 3076 1846 3145 subducit.
1895 3081 2094 3166 hujus
2118 3081 2327 3149 ductu

451 3181 649 3246 urbes
691 3184 1004 3247 maximas
1048 3180 1216 3244 ultra
1236 3181 1564 3268 Tropicos
1607 3180 1678 3243 δε
1702 3183 2133 3271 AEquatorem
2169 3186 2328 3249 vici-

453 3303 601 3344 mus
628 3330 647 3357 ‚
688 3282 892 3346 victas
932 3284 1064 3347 Dei
1107 3279 1397 3370 praefidio
1441 3300 1750 3347 tenemus
1796 3285 1861 3345 in
1906 3283 2085 3347 hunc
2118 3283 2316 3350 diem.

453 3378 644 3468 quod
669 3399 900 3468 portus
920 3381 1404 3447 Brafilianorum
1427 3432 1447 3460 ,
1474 3382 1662 3472 quod
1684 3383 1975 3461 flumina,
2001 3383 2197 3463 finu5‚
2223 3406 2322 3448 ca-

453 3477 634 3544 stella
655 3528 676 3557 ,
696 3486 1149 3568 promontoria
1168 3531 1187 3559 ,
1216 3484 1429 3549 insulae
1450 3534 1469 3561 ,
1505 3484 1908 3548 saccarorum
1929 3485 2321 3550 molendinae

452 3578 672 3645 nostra
691 3580 833 3657 sint,
854 3581 1009 3646 huic
1031 3581 1238 3648 debet
1258 3586 1486 3651 Patria.
1538 3584 1676 3651 haec
1696 3584 1768 3648 N
1772 3583 2047 3652 affovios
2073 3585 2283 3650 duces
2298 3633 2320 3662 ,

2156 3686 2318 3750 mili-
