2539 4107
799 252 847 299 H
938 253 986 299 o
1080 253 1107 300 s
1199 254 1234 299 P
1325 255 1361 300 E
1453 255 1507 301 S.
2051 275 2109 325 19

214 343 356 408 sum
372 339 793 431 gratulamur.
833 341 1203 428 Deumque
1224 336 1551 428 supplices
1577 363 2102 430 comprecamur,
2145 376 2191 405 υ

215 463 291 509 ut
312 442 427 507 diu
450 439 627 530 apud
647 458 770 505 nos
796 441 868 504 &
895 437 1089 504 nobis
1131 438 1416 504 feliciter
1455 462 1695 528 regnes
1743 470 1754 504 ε
1806 463 1881 509 ut
1904 445 2100 510 saecu-
2143 477 2188 506 2,
2252 434 2255 438 ¹

211 546 349 610 lum
370 540 559 633 quod
580 564 757 606 nunc
782 539 1215 630 ingredimur,
1237 563 1392 605 cum
1415 539 1766 616 definet,te
1790 565 1943 608 cum
1968 548 2098 611 Re-
2141 580 2186 608 υ

209 668 296 735 ge
317 648 556 710 marito
578 640 928 733 superstite
954 642 1365 708 incolumem
1385 639 1610 708 videat
1632 691 1652 719 ,
1675 643 1749 705 &
1772 664 1921 729 quae
1939 668 2098 709 ven-
2141 679 2186 708 υ

212 765 357 811 tura
376 747 547 823 sunt,
563 744 827 810 beatam
848 762 953 809 tot
974 747 1244 833 Regum
1268 767 1351 809 ex
1373 762 1442 808 te
1465 742 1948 808 nasciturorum.
1966 768 2096 809 ma-
2140 778 2185 806 υ

209 865 381 912 trem
401 845 783 936 praedicent.
828 848 1050 934 magni
1072 847 1279 933 Regis
1311 846 1382 909 &
1407 847 1516 909 cui
1540 847 1652 910 vix
1673 865 1900 931 parem
1921 849 2096 934 prio·
2138 878 2183 907 υ

210 969 279 1010 ra
296 947 522 1011 saecula
547 945 951 1023 habuerunt,
979 968 1150 1010 uxor
1171 948 1383 1023 veniS,
1405 942 1934 1033 magnitudinem
1957 947 2094 1011 Au-
2137 979 2183 1009 υ

202 1044 370 1110 striae
396 1045 690 1125 familiae,
717 1043 897 1110 unde
921 1064 1064 1110 orta
1086 1067 1156 1109 es
1185 1095 1205 1122 ,
1235 1045 1657 1133 prudentiam
1683 1044 2092 1134 sapientiam—
2135 1082 2180 1111 υ

201 1169 340 1236 que
366 1145 722 1225 Mediceae,
748 1145 929 1212 unde
951 1168 1200 1212 nomen
1222 1146 1446 1225 trahis,
1465 1165 1694 1212 tecum
1722 1149 1787 1209 in
1811 1145 2091 1213 domum
2133 1182 2178 1210 υ

203 1249 347 1331 ejus
376 1249 687 1314 inferens
731 1245 999 1313 viciffim
1020 1269 1282 1313 memor
1304 1245 1683 1338 est0,idque
1706 1246 1829 1312 tibi
1850 1250 2091 1315 multo-
2133 1281 2178 1311 υ

203 1350 332 1412 ties
362 1353 725 1438 repetitum
746 1368 907 1438 puta
932 1398 952 1426 ,
1002 1371 1140 1414 non
1178 1348 1388 1414 solum
1426 1366 1497 1414 te
1525 1348 1607 1413 ad
1632 1348 2089 1438 potentiffimae
2132 1384 2179 1413 υ

202 1465 356 1513 toto
380 1449 753 1516 Christiano
794 1449 959 1515 orbe
980 1451 1255 1539 Reginae
1288 1451 1520 1515 titulos
1549 1500 1570 1527 ,
1612 1448 1726 1514 sed
1768 1454 1966 1514 etiam
2008 1451 2090 1515 ad
2134 1484 2177 1513 υ

198 1547 797 1617 beneficentissimae
820 1569 925 1614 tot
952 1551 1394 1638 populorum,
1422 1573 1714 1638 quorum
1732 1551 1880 1612 Rex
1901 1567 2089 1637 pater
2132 1582 2179 1611 υ

203 1647 550 1726 est,matris
574 1674 814 1714 munus
843 1672 961 1738 per
981 1650 1111 1713 hoc
1134 1651 1630 1714 matrimonium
1653 1649 1687 1713 a
1709 1652 1865 1714 Deo
1891 1673 2087 1714 voca—
2134 1684 2179 1713 υ

197 1766 332 1813 tam
358 1776 369 1812 :
401 1773 523 1840 age
554 1773 741 1839 ergO,
764 1752 835 1815 δε
861 1768 937 1814 ut
958 1752 1088 1815 tori
1113 1749 1381 1815 consors
1411 1800 1431 1828 ,
1456 1749 1540 1814 fic
1566 1752 1761 1839 regiae
1782 1749 2091 1816 sollicitu—
2133 1785 2179 1813 υ

197 1848 364 1914 dinis
391 1853 458 1915 in
478 1849 823 1940 posterum
844 1853 1198 1941 particepS,
1220 1851 1390 1916 hanc
1417 1852 1694 1941 gloriam
1717 1873 1996 1942 occupa,
2014 1853 2087 1918 &
2131 1885 2176 1914 υ

195 1951 484 2038 populos
511 1955 791 2035 imperio
815 1955 1158 2017 communi
1183 1951 1483 2019 subditos
1510 2003 1531 2024 2
1570 1950 1655 2011 de
1680 1972 1972 2036 quorum
1997 1951 2084 2015 sa-
2130 1985 2175 2014 υ

194 2049 336 2115 lute
364 2052 437 2114 ὃ(
460 2050 693 2138 quiete
722 2044 958 2110 affidue
980 2048 1131 2110 Rex
1158 2048 1437 2136 cogitat,
1462 2051 1598 2136 pari
1625 2070 1779 2137 erga
1805 2053 2083 2116 Franco-
2126 2085 2171 2116 υ

194 2150 503 2237 gallicum
522 2170 794 2225 nomen,
816 2149 923 2211 cui
944 2169 1123 2211 nunc
1144 2149 1368 2212 omine
1390 2147 1567 2213 felici
1591 2149 1826 2215 inserta
1848 2172 1918 2215 es
1936 2201 1955 2229 ,
1983 2174 2084 2215 ca-
2126 2185 2172 2214 ο,

196 2252 391 2313 ritate
413 2249 844 2338 prosequere,
858 2265 934 2312 ut
958 2249 1087 2313 laeti
1106 2271 1244 2313 non
1264 2247 1474 2313 solum
1500 2249 1615 2337 ipfi
1636 2249 1758 2315 tibi
1779 2251 2082 2330 serviant,
2124 2286 2170 2316 υ

195 2348 310 2415 sed
330 2351 531 2414 vicini
557 2348 841 2414 eandem
865 2348 1257 2413 felicitatem
1282 2370 1438 2413 cum
1460 2349 1496 2413 a
1515 2350 1642 2413 suis
1674 2351 2080 2439 principibus
2124 2385 2168 2418 υ

196 2449 421 2539 adepti
446 2450 694 2515 fuerint
716 2500 737 2529 ,
788 2471 933 2516 eam
971 2449 1035 2515 se
1057 2467 1179 2516 tuo
1203 2451 1514 2541 exemplo
1539 2448 1790 2516 debere
1830 2451 2082 2519 fatean-
2123 2486 2168 2518 υ

198 2570 325 2618 tUs.
2122 2589 2167 2618 υ

279 2653 717 2721 Exhibuimus
745 2657 1035 2745 Nuptias
1081 2653 1476 2746 speclaculo.
1546 2657 1753 2721 Nunc
1779 2674 1855 2721 ut
1881 2654 1915 2719 a
1939 2656 2080 2744 spe-

198 2756 301 2819 cie
345 2757 777 2821 maximarum
821 2778 1041 2821 rerum
1082 2760 1155 2821 &
1197 2757 1365 2821 fictis
1414 2755 1807 2846 imaginibus
1853 2754 1935 2820 ad
1973 2778 2078 2821 res

200 2854 361 2944 ipsas
391 2857 462 2919 &
487 2877 641 2921 vera
684 2856 972 2922 dramata
992 2856 1345 2922 Lectorem
1388 2879 1704 2924 revocem
1729 2908 1750 2935 ,
1792 2858 2081 2945 Nuptia-

198 2979 347 3020 rum
366 2954 647 3021 modum
668 2956 1087 3047 formamque
1109 2977 1311 3046 prout
1343 2958 1665 3024 inchoatae
1691 2956 1885 3035 alibi,
1928 2957 2078 3022 alibi

200 3057 663 3122 consummatae
685 3056 1167 3136 fuere,maximi
1186 3059 1447 3125 Thuani
1466 3057 1683 3125 verbis
1709 3081 2071 3148 exponam:

200 3159 386 3222 Inter
407 3158 807 3247 multiplices
835 3161 1075 3248 (inquit
1100 3159 1243 3244 ille)
1272 3158 1566 3225 instantis
1592 3158 1746 3224 belli
1769 3183 1957 3226 curas
1981 3159 2076 3225 le—
2053 3172 2224 3270 ψῃ
2218 3186 2269 3208 um

199 3261 371 3324 rium
397 3256 482 3322 de
509 3261 928 3324 matrimonio
967 3262 1174 3348 Regis
1220 3284 1374 3326 cum
1438 3262 1518 3326 M
1543 3286 1579 3325 A
1603 3286 1643 3325 R
1667 3287 1684 3324 1
1707 3286 1744 3326 A
1805 3263 1887 3327 M
1909 3288 1941 3325 E
1964 3286 2004 3324 D
2031 3284 2101 3353 1‘2
2081 3272 2254 3354 ζ-ΜΑἩ

137 3450 140 3454 ἡ
202 3382 238 3422 c
258 3385 289 3422 E
309 3384 346 3423 A
400 3361 714 3425 Francisci
738 3361 969 3450 Magni
989 3363 1261 3427 Etruriae
1282 3360 1470 3428 ducis
1494 3367 1560 3427 F.
1590 3365 1938 3451 negotium
1958 3363 2074 3425 mi-

203 3464 394 3526 nime*
425 3459 852 3528 intermiffum
894 3457 1009 3527 est.
1078 3465 1254 3551 prius
1299 3486 1455 3530 cum
1497 3466 1852 3553 Margarita
1892 3464 2072 3527 Hen-

1146 3567 1211 3629 D
1304 3593 1335 3628 2
1958 3563 2074 3627 rici

2111 3422 2159 3451 2>

2112 3525 2159 3557 9>
