2539 4107
483 363 538 415 18
1029 356 1084 403 M
1167 357 1203 403 E
1286 356 1332 402 D
1419 354 1439 400 1
1474 412 1476 414 ,
1531 354 1572 401 c
1659 353 1696 400 E
1782 353 1823 400 A

388 478 433 511 υ
478 446 878 518 obedientiae
897 443 1059 508 Tuae
1081 440 1414 527 Majestati
1456 435 1829 530 praestandae
1864 434 2175 524 exemplo
2201 462 2356 529 prae-

388 579 432 610 υ
481 555 749 626 iremu5‚
774 549 846 613 &
867 542 1072 611 fidem
1091 547 1234 611 voti
1254 545 1598 630 relligione
1622 541 1975 630 obligatam
2002 537 2133 603 hoc
2157 538 2356 630 longe

389 680 432 710 υ
480 644 1131 719 honorificentissimo
1154 645 1373 712 officio
1396 641 1697 709 defuncti
1718 640 2230 706 exsolveremuS.
2291 644 2359 705 in

389 779 433 810 υ
481 774 550 820 te
578 772 842 840 tuoque
870 748 1163 815 adventu
1189 745 1507 811 desideria
1527 746 1747 809 omnia
1770 741 2029 830 publica
2055 791 2076 819 ,
2122 740 2362 807 cuneta

389 881 434 912 υ
482 873 643 922 vota
664 847 976 918 exhausta
1002 897 1021 925 ,
1049 851 1120 913 &
1145 847 1534 933 consumpta
1553 844 1700 908 funt
1722 892 1741 919 ,
1766 841 2064 929 nihilque
2088 841 2168 906 ad
2192 844 2361 908 sum-

390 981 434 1011 22
483 979 603 1020 mae
623 952 955 1019 felicitatis
985 947 1329 1013 cumulum
1349 941 1559 1022 deest,
1577 943 1688 1008 nisi
1708 961 1782 1008 ut
1806 965 1953 1032 quae
1976 945 2166 1007 Deus
2192 944 2356 1031 Opt.

390 1082 434 1112 υ
482 1056 663 1118 Max.
690 1052 866 1117 bona
887 1048 1457 1137 contulit‚propria
1479 1044 1795 1134 deinceps
1823 1043 2038 1120 faciat,
2060 1046 2132 1109 &
2155 1042 2362 1108 felici-

390 1181 434 1211 υ
483 1174 621 1221 tate
647 1177 765 1244 per
792 1172 862 1216 te
891 1147 1216 1226 concessa,
1238 1171 1438 1238 quam
1459 1144 1804 1211 diutiffime
1830 1143 2141 1209 fruamur.
2208 1145 2361 1215 Rex

388 1281 433 1311 υ
482 1255 675 1320 nobis
701 1253 1007 1341 contigit,
1030 1253 1277 1316 virtute
1299 1245 1627 1338 praestans,
1652 1246 2067 1334 benignitate
2092 1242 2363 1310 admira-

390 1381 434 1411 υ
484 1354 629 1420 bilis
653 1405 672 1434 ,
699 1351 1094 1420 fortitudine
1116 1348 1640 1439 incomparabilis
1668 1397 1688 1424 ,
1731 1348 1849 1434 qui
1871 1343 2207 1409 laboribus
2235 1345 2362 1409 suis

391 1477 439 1512 ν’
484 1459 727 1546 Regno
751 1458 1079 1544 quietem,
1096 1453 1395 1542 periculo
1418 1451 1685 1538 proprio
1709 1443 2366 1522 securitatemfffflm-

391 1581 436 1612 υ
484 1561 591 1623 riis
618 1557 894 1647 gloriam
927 1554 1321 1620 conciliavit.
1410 1571 1643 1615 verum
1682 1551 1748 1612 in
1784 1565 1964 1612 tanta
1995 1545 2110 1610 seu
2143 1546 2365 1612 laetitia

393 1682 438 1712 υ
487 1659 600 1724 seu
627 1658 947 1721 felicitate
975 1675 1457 1741 nonnunquam
1480 1647 1676 1715 tristis
1722 1650 2043 1738 cogitatio
2068 1643 2324 1713 subibat
2345 1697 2366 1726 ‚

395 1781 439 1811 υ
488 1757 788 1824 humanae
809 1754 1210 1821 conditionis
1252 1753 1417 1817 fines
1458 1752 1491 1815 a
1519 1769 1748 1815 natura
1767 1745 2164 1839 praestitutos
2194 1746 2323 1813 effe
2344 1797 2366 1826 ,

396 1882 439 1912 υ
491 1859 792 1946 nihilque
818 1855 937 1920 sub
958 1856 1134 1921 coelo
1156 1870 1489 1945 perpetuo
1511 1850 1742 1916 durare
1767 1899 1787 1928 ,
1829 1850 1901 1913 &
1931 1846 2119 1936 quod
2142 1847 2366 1913 cuncti

397 1982 441 2012 υ
491 1957 742 2023 affiduis
764 1961 941 2025 votis
968 1955 1336 2021 immortale
1360 1950 1766 2043 exoptabant
1787 1999 1807 2027 ,
1829 1946 2180 2037 aliquando
2203 1947 2366 2014 defi-

398 2083 442 2113 υ
491 2078 735 2124 turum.
794 2057 1217 2124 solitudinem
1236 2078 1399 2122 vero
1434 2056 1607 2119 illam
1630 2055 1701 2118 &
1725 2048 2113 2142 coelibatum
2134 2052 2201 2112 in
2225 2072 2366 2140 quo

399 2182 442 2214 υ
491 2161 643 2222 Rex
666 2154 980 2247 degebat,
1000 2158 1203 2222 vitam
1229 2157 1367 2243 ipsi,
1390 2176 1537 2242 qua:
1561 2151 1812 2215 cunetis
1837 2149 2007 2214 adeo
2032 2172 2174 2214 cara
2196 2169 2367 2231 erat,

398 2281 443 2313 υ
492 2261 707 2325 minus
732 2276 982 2348 gratam
1003 2254 1283 2321 reddere
1307 2305 1327 2334 ,
1369 2255 1440 2319 δε
1462 2253 1645 2343 spem
1666 2247 1927 2316 heredis
1950 2299 1971 2327 ‚
2025 2254 2136 2314 cui
2164 2273 2369 2340 quan-

399 2382 444 2413 θ’
493 2379 638 2426 tum
660 2362 826 2449 patri
849 2357 1164 2436 debebat,
1179 2376 1436 2422 tantum
1458 2354 1613 2419 olim
1634 2350 1939 2417 debitura
1961 2348 2121 2416 effet
2136 2351 2370 2431 Gallia,

403 2482 445 2513 υ
495 2460 805 2524 adimere.
900 2464 964 2523 in
1002 2460 1123 2537 hac
1172 2458 1379 2523 futuri
1418 2457 1601 2518 anxia
1644 2455 2053 2542 cogitatione
2092 2450 2330 2517 defixis
2349 2503 2370 2532 ,

403 2582 447 2612 ³2
497 2560 677 2649 quafi
700 2560 875 2624 coelo
897 2556 1164 2625 demiffa
1193 2557 1384 2622 nobis
1412 2552 1711 2631 illuxisti,
1749 2552 2147 2641 cunctasque
2181 2551 2372 2622 tristi-

404 2683 448 2713 v
497 2665 602 2726 tiae
641 2660 1003 2726 nubeculas
1047 2659 1271 2726 vultus
1314 2657 1413 2722 tui
1448 2649 1796 2745 splendore
1841 2650 2172 2718 discuflisti
2212 2703 2234 2732 ,
2295 2656 2370 2719 &

404 2783 448 2812 υ
497 2762 1011 2851 tranquillitati5‚
1038 2762 1171 2851 qua
1194 2757 1311 2824 sub
1341 2760 1595 2846 optimo
1623 2757 1916 2846 principe
1947 2753 2125 2843 quafi
2148 2776 2373 2842 preca-

404 2883 448 2914 v
497 2866 593 2927 rio
621 2862 1003 2928 fruebamur
1028 2912 1047 2938 ‚
1102 2858 1383 2925 solidum
1407 2856 1724 2944 gaudium
1757 2852 1971 2918 fecisti
1994 2903 2015 2932 ,
2057 2854 2168 2943 spe
2195 2853 2373 2919 haud

404 2985 448 3014 >³
499 2961 700 3027 dubia
725 2961 869 3027 fore
893 3012 913 3041 ,
953 2979 1029 3026 ut
1055 2958 1415 3049 adspirante
1441 2959 1575 3021 Dei
1599 2943 1807 3045 gratia
1846 2958 1913 3018 in
1934 2954 2175 3019 familia
2193 2958 2375 3045 regia

406 3084 450 3113 υ
497 3065 949 3129 intermortuae
984 3084 1102 3151 per
1140 3078 1245 3125 tot
1291 3080 1494 3124 annos
1538 3054 1949 3122 succeffionis
1978 3056 2122 3146 spes
2160 3079 2279 3147 per
2303 3075 2373 3122 te

407 3183 453 3212 υ
501 3183 902 3242 renovetur,
949 3166 1020 3228 &
1060 3160 1256 3251 digna
1277 3177 1464 3225 tanto
1504 3179 1714 3248 regno
1754 3159 2100 3223 numerosa
2131 3180 2375 3248 proge-

411 3282 456 3313 υ
504 3265 646 3326 nies
670 3314 690 3341 ,
715 3287 862 3353 quaa
884 3284 1139 3354 patrem
1158 3264 1404 3327 virtute
1420 3310 1440 3339 ,
1462 3278 1741 3324 matrem
1761 3256 2148 3324 sanctiffimis
2175 3260 2370 3324 mori-

412 3383 457 3412 υ
506 3360 630 3427 bus
657 3365 897 3429 referat
922 3414 941 3442 ,
982 3365 1063 3430 ad
1084 3365 1269 3452 regni
1308 3363 1552 3451 alioqui
1588 3357 1879 3426 nutantis'
1906 3359 2369 3424 fulcimentum

415 3484 459 3513 υ
505 3464 878 3530 succrescat.
905 3464 1182 3553 proinde
1206 3461 1437 3529 devoti
1457 3465 1708 3528 numini
1720 3457 2185 3550 Majestatique
2208 3459 2369 3523 Tuae

416 3584 461 3615 θ’
507 3563 792 3632 faustum
831 3566 1232 3654 felicemque
1254 3583 1445 3629 tuum
1467 3563 1546 3628 ad
1579 3566 1763 3628 littus
1787 3561 2114 3628 Gallicum
2147 3559 2368 3649 appul-

2229 3658 2368 3724 sum
