2539 4107
764 228 811 273 Η
903 229 950 273 o
1041 229 1069 273 5
1159 228 1193 272 Ρ
1283 229 1318 274 Ε
1411 229 1457 276 5

185 311 403 377 &ores
421 359 441 387 ‚
463 311 577 421 qui
600 326 674 372 ut
699 304 990 373 submissa
1010 307 1147 374 haec
1173 307 1454 397 ipsorum
1475 310 1688 377 officia
1713 314 1811 378 M.
1839 314 1918 378 T.
1946 312 2059 379 be-
2105 342 2150 372 υ

187 410 381 499 nigne
408 411 704 498 accipiat,
727 407 1161 473 vehementer
1182 412 1467 498 cupiunt.
2104 443 2147 472 93

269 555 541 617 Dixerat
567 550 911 642 SyndicuS.
949 551 1127 615 Tum
1145 550 1396 640 Regina
1420 552 1647 617 sereno
1668 555 1853 620 vultu
1882 558 1954 621 ὃς
1976 558 2059 623 ad

185 655 568 719 comitatem
597 650 961 741 composito
988 700 1008 729 ,
1056 652 1255 716 multa
1281 652 1343 717 se
1366 652 1534 717 fama
1559 654 1719 719 olim
1743 656 2056 745 accepisse

184 753 268 818 de
290 752 484 820 Vrbis
510 753 703 837 hujus
731 751 1074 842 splendore
1098 754 1170 818 ὃς
1199 753 1513 843 elegantia
1538 754 1870 845 respondit
1897 805 1916 833 ‚
1948 756 2057 822 sed

184 851 569 945 comperisse
591 853 679 931 se,
699 853 978 942 superari
1001 852 1198 944 longe
1220 853 1254 918 a
1275 878 1435 920 vero
1456 855 1694 921 famam
1716 885 1727 920 :
1758 858 2059 948 prospera

183 955 246 1020 se
302 959 518 1020 omnia
560 953 909 1043 feliciaque
958 954 1116 1021 Vrbi
1148 954 1311 1033 huic
1358 957 1713 1048 incolisque
1765 962 2016 1048 precari
2042 988 2055 1025 ;

182 1054 516 1121 benevolo
560 1055 621 1120 se
664 1059 729 1119 in
752 1057 987 1145 Remp.
1016 1056 1182 1120 hanc
1230 1057 1302 1120 &
1329 1058 1650 1124 Reorores
1682 1060 1823 1142 ejus
1874 1057 2058 1126 fuisse

183 1157 257 1222 δε
284 1154 430 1222 fore
451 1153 693 1225 affectu
719 1205 739 1235 ‚
776 1179 903 1221 nec
947 1154 1032 1222 de
1080 1179 1164 1222 eo
1209 1157 1701 1225 intermissuram
1723 1183 2015 1250 unquam
2041 1184 2054 1227 z

183 1257 415 1324 oblatis
442 1256 893 1323 occasionibus
919 1309 940 1337 ‚
982 1281 1117 1324 non
1143 1256 1518 1324 defuturam
1555 1260 1617 1325 se
1644 1260 1837 1326 Vrbis
1880 1284 2059 1327 com⁴

181 1357 398 1424 modis
443 1356 961 1448 successibusque
1014 1387 1025 1423 :
1079 1358 1440 1425 Consulum
1464 1360 1528 1425 se
1555 1360 2057 1451 Redlorumque

184 1460 326 1543 ejus
356 1460 428 1524 &
447 1458 707 1525 Civium
728 1459 1119 1540 benevolam
1146 1482 1298 1549 erga
1322 1460 1384 1525 se
1407 1462 1812 1527 voluntatem
1838 1464 1909 1526 δε
1931 1461 2061 1527 stu-

181 1558 285 1624 dia
309 1610 329 1639 ‚
388 1564 520 1649 pari
546 1583 771 1625 amore
798 1562 871 1625 &
906 1562 1099 1625 animi
1122 1561 1554 1650 propensione
1596 1561 1895 1650 ampleolzi
1922 1613 1940 1639 ,
1989 1564 2062 1626 &

182 1681 331 1749 quae
370 1662 483 1725 alia
526 1663 591 1724 in
624 1662 790 1725 illam
816 1661 1193 1726 sententiam
1232 1661 1595 1749 prudenter
1638 1665 2060 1752 graviterque

181 1759 342 1826 dixit
365 1761 627 1851 Regalis
656 1759 976 1827 facundia.

264 1861 434 1928 Inde
460 1860 719 1952 digreffi
746 1862 1070 1931 Consules
1099 1859 1465 1929 Celfiffimae
1483 1863 1769 1952 Principi
1795 1862 2067 1930 Ameliae
2092 1876 2253 2021 {3255ae

179 1962 687 2043 valedixerunt,
715 1965 787 2029 &
813 1964 913 2043 se,
933 1963 1147 2029 officia
1169 1962 1297 2044 sua,
1326 1965 1736 2054 Civiumque
1761 1964 2146 2044 suorum‚1'¹
2095 2028 2176 2061 Am
2165 1985 2221 2057 h?
2196 2036 2234 2058 ·

183 2062 404 2129 eidem
423 2064 680 2154 prolixe
703 2065 775 2130 &
798 2064 1024 2131 debita
1046 2067 1475 2132 veneratione
1498 2063 1909 2131 obtulerunt
1950 2068 2061 2128 In-

180 2184 284 2231 ter
308 2164 447 2232 haec
474 2164 813 2256 strepuere
838 2166 1183 2232 hominum
1206 2167 1529 2232 concursu
1552 2168 1842 2255 compita
1858 2215 1878 2243 ,
1898 2167 2062 2245 vici,

180 2267 595 2356 plateae‚fora.
644 2265 865 2344 Idem,
892 2270 1316 2356 qunbintrante
1340 2270 1595 2356 Regina
1616 2264 1888 2332 videndi
1919 2288 2064 2330 eam

180 2367 525 2434 incesserat
551 2390 788 2433 omnes
811 2365 1127 2445 studium,
1148 2365 1452 2433 nondum
1474 2366 1767 2431 abeunte
1789 2366 1853 2430 se
1875 2369 2065 2431 remi-

181 2467 276 2534 fit.
350 2469 468 2533 Illa
488 2518 508 2547 ,
542 2491 628 2533 ne
650 2468 915 2558 publica
936 2469 1105 2534 sacra
1126 2470 1318 2534 novis
1344 2467 1638 2534 motibus
1664 2469 1734 2533 &
1759 2467 2065 2556 longiore

180 2593 365 2636 mora
389 2568 688 2635 turbaret
715 2620 735 2649 ,
775 2573 943 2635 circa
964 2593 1207 2636 nonam
1229 2568 1595 2635 conscenfis
1620 2567 1920 2632 curribus
1949 2567 2068 2630 dis-

181 2668 380 2736 ceffit.
465 2671 735 2737 Curiam
784 2670 1229 2760 praeterve&ae
1273 2669 1502 2735 denuo
1553 2669 1639 2732 illi
1689 2666 2066 2732 valedixere

185 2771 527 2839 Consules,
571 2774 850 2862 Regina,
869 2770 1224 2862 postquam
1246 2768 1656 2861 gratiffimam
1680 2767 1792 2833 fibi
1818 2768 2068 2834 Consu-

182 2872 319 2939 lum
337 2893 490 2962 erga
504 2871 566 2936 se
586 2872 1255 2951 benevolentiam‚tot
1281 2870 1671 2939 testimoniis
1699 2867 2069 2958 probatam,

181 2975 324 3040 l'aeta
347 2991 707 3064 apertaque
749 2975 970 3040 fronte
992 2972 1402 3065 fignificaffet
1430 2995 1548 3064 per
1596 2993 1904 3061 aggerem
1924 2971 1996 3035 N
2001 2993 2071 3035 o-

185 3097 345 3140 vum
370 3125 390 3153 ,
441 3097 574 3165 qua
597 3077 700 3139 via
725 3075 977 3140 Vrbem
1002 3074 1326 3143 subiverat
1348 3126 1367 3153 ,
1396 3069 1640 3164 egressa
1661 3122 1679 3150 ‚
1708 3074 2069 3136 comitante

191 3180 499 3265 equitum
523 3176 843 3267 phalange
870 3226 890 3253 ,
930 3178 1122 3259 juxta
1147 3180 1467 3243 maritima
1499 3177 1622 3239 iter
1661 3172 1846 3237 suum
1882 3173 2061 3261 legit.

189 3279 374 3342 Intra
412 3281 693 3366 primum
736 3276 815 3341 ab
839 3274 1019 3342 Vrbe
1062 3277 1345 3368 lapidem
1372 3279 1642 3365 Reginae
1693 3293 2069 3340 extremum

191 3375 505 3443 valedixit
531 3378 769 3444 ductor
794 3380 1067 3466 agminis
1090 3383 1175 3444 D.
1198 3378 1282 3443 de
1303 3377 1619 3450 Petthem
1644 3375 1742 3440 his
1771 3372 2021 3439 verbis:

1172 3538 1207 3599 I
1299 3564 1328 3598 2
1817 3528 2071 3591 SERE—
