2539 4107
474 337 533 382 42
1017 310 1073 357 M
1157 310 1191 354 E
1285 309 1329 355 D
1416 309 1436 355 Ι
1524 309 1565 355 C
1656 310 1692 355 E
1780 310 1819 353 A

470 401 668 470 barba
691 447 712 476 ‚
754 392 1046 463 tridente
1067 390 1433 458 terribilem
1455 442 1475 470 ‚
1501 393 1690 459 vultu
1718 390 2141 481 grandaevum
2167 400 2353 461 tetri-—

472 520 766 591 cumque
784 548 805 576 ,
826 493 1126 562 membra
1144 493 1402 561 nudum
1422 545 1441 574 ,
1486 497 1604 585 qui
1638 493 1960 584 protenfis
1987 495 2053 556 in
2077 495 2350 583 longum

468 605 670 671 frenis
700 621 915 691 equos
941 596 1431 664 moderabatur.
1502 618 1680 685 pone
1705 597 2109 685 Neptunum
2136 599 2201 659 in
2227 598 2353 685 ipsa

466 726 688 796 puppe
711 704 1086 768 Mercurius
1114 698 1408 777 sedebat,
1426 698 1924 763 Mercurialium
1950 696 2177 785 praeses
2215 697 2354 763 fau-

468 825 715 895 torque
725 842 740 878 3
761 801 962 879 fandi,
985 797 1791 889 mercandi,peritiffimum
1816 819 2084 862 numen.
2131 799 2352 863 Pileus

471 909 562 972 illi
588 929 671 970 ex
713 926 900 970 more
926 903 1123 991 aliger
1150 920 1306 966 erat.
1375 898 1608 965 dextra
1653 897 2027 965 caduceum
2068 903 2355 988 exporri-

472 1008 675 1098 gebat
696 1055 715 1084 ,
766 1009 938 1093 Qo

1053 1157 1242 1212 animas
1265 1154 1335 1210 ille
1357 1170 1528 1211 evocat
1548 1156 1671 1211 Orco

659 1257 914 1321 Pallentes,
930 1254 1142 1331 aliasfitb
1156 1257 1307 1331 tristia
1322 1258 1539 1312 Tartara
1552 1257 1700 1313 mittit
1710 1301 1720 1309 ,,

559 1406 668 1474 Ad
710 1408 877 1473 latus
922 1408 1154 1497 ligneis
1202 1406 1471 1496 capsulis
1516 1405 1832 1470 humeros
1858 1417 2055 1469 tenus
2099 1403 2356 1470 inclusae

473 1507 767 1593 Najades
798 1527 1107 1597 quatuor,
1134 1508 1397 1573 corollis
1423 1504 1742 1572 viridibus
1766 1556 1787 1584 ‚
1814 1528 1893 1570 ex
1917 1506 2082 1595 alga,
2106 1506 2357 1584 musCO‚

475 1609 648 1677 foliis
677 1612 748 1676 δε
774 1609 1047 1674 floribus
1074 1609 1367 1675 frontem
1392 1607 1641 1686 cinctae,
1661 1605 2360 1697 Europae‚Afiae‚Ame-

479 1713 648 1787 ricae,
670 1699 908 1775 Africae
932 1710 1293 1799 imaginem
1310 1707 1734 1774 exhibebant.
1782 1707 2043 1798 fingulae
2063 1706 2360 1773 brachio-

480 1833 626 1875 rum
650 1808 830 1874 arcto
853 1811 1207 1898 complexu
1233 1810 1672 1875 Amalthaeum
1702 1811 1910 1875 veluti
1934 1831 2144 1874 cornu
2170 1831 2358 1898 gere-

481 1910 638 1975 bant
662 1959 681 1987 ,
725 1912 1002 2000 propriis
1029 1925 1317 1998 quatuor
1342 1908 1573 1975 mundi
1593 1911 1877 1997 partium
1903 1907 2091 1993 donis
2126 1907 2357 1974 instru-

479 2010 679 2076 ctum.
729 2008 837 2075 Ad
857 2033 1118 2099 proram
1142 2011 1493 2100 conspicua
1515 2030 1653 2076 erat
1673 2011 1877 2100 Virgo
1906 2009 2360 2099 elegans,Am-

480 2108 919 2177 stelodamum
939 2110 1238 2175 referens
1253 2160 1273 2188 ‚
1299 2134 1447 2200 quae
1471 2112 1782 2176 inclinato
1806 2129 2194 2176 reverenter
2216 2132 2360 2175 cor-

476 2233 639 2300 pore
661 2260 682 2289 ,
710 2212 982 2300 Reginae
1005 2209 1367 2278 adventum
1390 2210 1857 2301 gratulabatur.
1925 2210 2358 2278 Conveniens

476 2313 752 2402 Reginae
778 2311 1105 2380 creditum
1126 2313 1253 2378 fuit
1278 2313 1410 2380 hoc
1433 2314 1903 2403 Spectaculum
1922 2361 1942 2391 ,
1977 2335 2126 2403 quae
2147 2310 2362 2379 Sobo-

477 2412 553 2476 lis
580 2417 927 2500 non-unius
956 2417 1393 2503 imperio‚non
1411 2418 1526 2480 uni
1545 2419 1705 2481 mari
1729 2413 2166 2505 imperitabat.
2203 2435 2361 2480 con-

479 2516 752 2578 veniens
781 2534 1063 2601 quoque
1084 2511 1269 2590 Vrbi,
1294 2536 1443 2602 quae
1463 2517 1620 2579 Deo
1643 2517 1804 2602 Opt.
1829 2517 2012 2579 Max.
2040 2536 2205 2580 vero
2227 2537 2363 2580 ma-

478 2614 565 2678 ris
590 2615 890 2678 Domino
918 2613 1330 2679 fortunarum
1348 2613 1606 2681 suarum
1625 2617 1976 2705 principia,
1992 2617 2364 2683 incremen-

477 2729 568 2793 ta,
589 2716 893 2804 vigorem
913 2713 1028 2779 soli
1053 2713 1279 2780 debet.

2270 3424 2354 3487 In
