2539 4107
503 306 561 368 43
1028 299 1084 345 M
1171 297 1209 344 E
1298 297 1342 342 D
1433 296 1453 340 Ι
1544 295 1586 341 c
1677 294 1712 340 E
1802 295 1843 339 A

294 409 427 445 ‘Secunda
588 379 893 450 Secunda
914 380 1127 445 Scena
1154 375 1433 442 eandem
1456 374 1733 440 Galliam
1755 377 1821 438 in
1840 371 2205 437 Theatrum
2227 399 2372 464 pro-

296 461 395 496 scm'
504 485 718 563 duxit,
740 482 927 547 flexis
953 478 1259 570 genubus
1285 483 1472 544 Deos
1497 493 1831 553 orantem,
1851 476 1949 539 uti
1975 473 2187 538 fractae
2210 477 2280 539 &
2308 480 2371 541 in

504 604 723 678 partes
750 581 1085 671 discerptae
1108 580 1331 646 Galliae
1370 577 1745 641 succurrant
1769 623 1789 651 ,
1836 575 2110 663 collapsa
2133 572 2375 640 restau-

503 704 653 753 rent
675 736 695 765 ,
715 686 935 749 luxata
957 680 1298 747 restituant
1323 729 1341 756 ,
1387 673 1666 742 invalida
1690 673 1909 740 divina
1931 697 2063 763 ope
2087 674 2373 742 firment.

503 791 759 878 Iupiter
785 788 956 848 inter
977 788 1166 848 Deos
1195 781 1342 844 suos
1369 777 1762 865 conspicuus
1788 825 1808 852 ‚
1850 778 1979 838 una
2001 798 2195 840 manu
2211 778 2378 841 Her-

504 890 723 955 culem
747 883 1113 972 designans,
1136 881 1335 943 altera
1358 878 1773 942 Mercurium
1802 912 1818 948 3
1847 874 2002 939 huic
2029 877 2093 937 in
2118 876 2378 940 manda-

501 993 584 1054 tis
612 986 806 1052 dabat
827 1033 848 1061 ,
875 985 973 1049 uti
997 976 1429 1046 restaurandis
1451 981 1847 1042 Francorum
1868 979 2086 1065 regnis
2110 976 2381 1042 adhibe-

502 1109 682 1155 retur
706 1085 1070 1161 HerculeS,
1112 1084 1181 1146 H
1204 1107 1235 1144 E
1259 1104 1302 1144 N
1327 1105 1366 1143 R
1389 1104 1405 1143 1
1431 1103 1465 1141 c
1487 1105 1521 1144 v
1542 1105 1566 1142 s
1620 1103 1709 1142 ιν.
1770 1080 1905 1142 Has
1937 1080 2111 1142 enim
2134 1076 2380 1143 adeun-

502 1189 569 1254 di
590 1188 860 1277 Imperii
881 1202 1100 1275 partes
1123 1184 1413 1247 moriens
1435 1229 1454 1258 ,
1492 1182 1564 1245 &
1592 1178 2056 1245 deficientibus
2077 1182 2212 1263 jam
2233 1182 2381 1245 viri«

501 1290 627 1355 bus
648 1338 668 1366 ,
695 1309 916 1366 coram
942 1284 1295 1352 Galliarum
1315 1280 1707 1345 Proceribus
1734 1280 2186 1344 Navarrorum
2210 1282 2382 1368 Regi

500 1387 857 1457 tradiderat
903 1389 973 1451 H
997 1411 1028 1449 E
1052 1409 1095 1448 N
1120 1410 1161 1448 R
1182 1410 1200 1445 1
1226 1407 1260 1446 c
1287 1407 1320 1447 v
1343 1407 1368 1444 s
1430 1406 1488 1444 11
1513 1406 1530 1444 1
1554 1432 1574 1459 ‚
1615 1381 1714 1445 his
1740 1379 1959 1444 verbis
2010 1404 2022 1438 ε
2075 1377 2382 1444 Vestrum

505 1489 623 1569 est,
644 1490 1021 1578 legitimum
1041 1487 1306 1574 Regem
1328 1484 1523 1558 tueri,
1545 1483 1617 1545 ὃς
1643 1479 1688 1545 fi
1709 1478 1874 1544 defit
1894 1529 1913 1558 ,
1936 1478 2259 1544 idoneum
2283 1503 2383 1546 re-

500 1615 638 1682 gno
661 1589 834 1654 dare.
882 1589 1257 1653 Navarrum
1276 1579 1561 1659 habetiS‚
1582 1599 1657 1646 ut
1676 1583 1826 1664 jure
1849 1582 2226 1669 proximum
2248 1631 2268 1659 ,
2295 1583 2384 1646 ita

501 1693 827 1781 dignitate
855 1691 1285 1762 eminentem,
1306 1705 1514 1773 quem
1533 1681 1578 1746 fi
1604 1704 1739 1746 non
1760 1682 2053 1770 legitima
2074 1680 2383 1748 succeffio

504 1792 586 1857 ad
608 1813 890 1881 regnum
913 1804 1209 1863 vocaret,
1235 1784 1543 1872 dignitaS,
1565 1804 1766 1872 quam
1792 1780 2160 1847 secundum
2182 1806 2289 1847 me
2317 1785 2383 1848 in

506 1895 810 1959 exercitu
825 1890 1192 1978 primariam
1209 1884 1492 1961 obtinet,
1507 1905 1615 1946 me
1636 1879 1889 1947 sublato
1904 1884 2383 1970 Imperatorem

503 1994 776 2059 faceret,
829 1991 963 2054 Hic
985 1991 1056 2053 ὃς
1079 1989 1324 2052 summa
1354 1986 1549 2048 animi
1577 1985 1886 2072 aequitate
1909 1981 2215 2071 praeditus
2243 2034 2264 2063 ,
2309 1988 2383 2051 &

502 2096 711 2182 longo
736 2112 956 2155 rerum
978 2088 1093 2153 usu
1118 2085 1381 2151 abunde
1410 2082 1762 2149 instructus
1778 2134 1799 2162 ,
1822 2082 2232 2147 inenarrabili
2252 2087 2386 2149 Dei

504 2193 742 2259 cuncta
780 2187 1184 2255 moderantis
1241 2184 1658 2276 providentia
1684 2235 1703 2263 ,
1748 2202 1978 2249 contra
2021 2185 2385 2252 multorum

503 2293 895 2378 sententiam
919 2311 1185 2353 mecum
1207 2287 1672 2353 reconciliatus
1697 2335 1717 2364 ,
1747 2287 1819 2350 &
1843 2288 1911 2348 in
1934 2284 2062 2351 hoc
2085 2289 2387 2353 exercitu

507 2417 662 2459 cum
676 2393 930 2457 summo
951 2391 1228 2477 imperio
1251 2387 1649 2451 constitutus
1671 2385 2038 2464 videtur5ut
2058 2385 2390 2455 labantem
2449 2375 2461 2392 ⁵

507 2496 696 2584 regni
722 2493 1055 2556 fortunam
1080 2491 1328 2552 virtute
1355 2485 1462 2549 sua
1489 2483 1733 2548 fulciat.
1804 2487 1982 2549 Huic
2002 2535 2021 2563 ,
2046 2486 2092 2551 fi
2110 2511 2389 2578 regnum

509 2596 750 2661 salvum
771 2592 1011 2678 cupitis
1041 2639 1062 2666 ,
1097 2609 1297 2676 quam
1319 2583 1583 2649 debetis
1606 2634 1625 2662 ,
1666 2583 2120 2652 obedientiam
2140 2589 2389 2678 praesta-

510 2714 602 2761 te.
650 2699 805 2761 Hoc
825 2690 869 2756 fi
895 2713 1031 2756 non
1052 2687 1219 2756 fides
1241 2738 1261 2768 ‚
1283 2705 1347 2752 at
1371 2686 1743 2778 periculum
1768 2690 2110 2777 proprium
2138 2713 2173 2754 a
2193 2691 2386 2759 vobis

512 2800 737 2888 exigit.
786 2835 788 2837 >

307 2910 481 2998 :grmn-
592 2901 820 2964 Tertia
847 2897 1057 2965 Scena
1080 2896 1441 2963 Herculem
1481 2893 1660 2958 hunc
1703 2891 2172 2959 introducebat
2217 2894 2391 2961 duce

511 3003 876 3078 Mercurio,
899 3002 1005 3064 cui
1032 3019 1304 3087 operam
1323 2995 1498 3059 suam
1523 2993 1865 3060 fulciendo
1889 2995 2056 3060 Orbi
2081 2995 2391 3062 obtulere

511 3100 763 3167 Divum
786 3104 1065 3192 imperio
1092 3100 1274 3163 Mars
1303 3097 1374 3159 &
1400 3095 1599 3159 Pallas
1634 3145 1654 3173 ,
1693 3096 1797 3161 ille
1819 3099 2006 3161 armis
2036 3098 2391 3185 opitulatu-

515 3225 589 3266 ru
599 3225 648 3280 5,
665 3202 802 3267 haec
823 3200 1170 3291 prudentia
1193 3199 1264 3261 &
1290 3195 1576 3268 confili03
1604 3194 2020 3286 adspectante
2040 3197 2178 3263 haec
2206 3201 2333 3289 ipsa
2352 3199 2388 3262 ἐ

515 3301 768 3366 sublimi
792 3301 1067 3392 augusto
1092 3300 1495 3386 Superorum
1519 3296 1805 3363 Conseff
1793 3323 1855 3363 u.

319 3412 441 3457 Qu„
603 3408 867 3492 Qarta
890 3404 1100 3467 Scena
1117 3398 1481 3464 Herculem
1515 3416 1701 3464 tanto
1738 3401 1921 3489 operi
1947 3401 2278 3464 intentum
2299 3401 2387 3465 vi-

319 3463 421 3498 sum*
451 3486 474 3511 “⁸
522 3499 621 3567 dit
646 3551 666 3580 ‚
716 3503 789 3566 δί
818 3499 1118 3568 excussos
1160 3495 1436 3565 statione
1461 3499 1567 3565 su&
1594 3501 1665 3565 δῖ
1688 3498 2168 3588 perpendiculo
2194 3523 2236 3588 p
2241 3500 2383 3564 01⁰3

2256 3598 2382 3664 suis
