2539 4107
503 378 535 420 2
1027 361 1081 409 M
1171 360 1206 409 E
1293 362 1339 409 D
1430 364 1448 411 1
1540 363 1581 410 C
1672 361 1708 409 E
1795 363 1838 408 A

501 448 737 513 Ximam
759 465 885 508 auo
842 436 1416 533 ustiffimamque‚
1438 442 1762 509 Caesarum
1784 443 1855 506 &
1875 439 2204 507 Hetruriae
2223 409 2366 509 Du-

504 570 660 613 cum
681 546 990 634 sanguine
1015 541 1216 609 illustr
1221 565 1366 620 em
1400 565 1548 632 quae
1569 542 2046 608 Maximilianos
2070 592 2089 620 ‚
2126 537 2365 634 Philip-

505 643 1130 738 p05,Ferdinand05‚
1148 644 1447 721 Car0105‚
1466 640 2368 720 CosmoS‚Laurenti05‚Leo-

506 771 625 813 nes
643 798 663 826 ,
688 748 1071 814 Clementes
1096 798 1116 826 ,
1137 743 1462 812 stemmati
1483 744 1597 811 suo
1621 747 1895 809 innexos
1918 742 2204 832 adspicit.
2252 747 2370 808 Di-

507 872 638 938 gna
656 848 961 937 profefflJ
984 847 1219 935 hospes
1246 845 1369 910 fuit
1392 845 1502 910 tali
1522 845 1827 934 hospitio.
1875 866 2003 907 nee
2024 841 2370 933 indignum

509 951 782 1014 omnino
803 947 1158 1035 hospitium
1194 964 1327 1011 tam
1366 944 1595 1034 grandi
1613 944 1889 1032 hospite.
1958 942 2027 1008 Si
2047 944 2373 1032 Reginam
2417 948 2420 951 ’

509 1050 885 1114 intueamur
900 1097 919 1125 ‚
942 1049 1241 1112 omnium
1258 1047 1613 1112 Galliarum
1633 1047 1782 1134 Imp
1791 1046 2024 1109 eratrix
2043 1063 2193 1110 ante
2216 1069 2375 1112 ocu-

508 1149 608 1213 los
632 1147 773 1213 stat.
841 1148 909 1212 Si
930 1145 1180 1213 Vrbem
1200 1196 1220 1224 ,
1261 1150 1559 1212 omnium
1581 1144 1823 1210 Mundi
1844 1148 2128 1234 partium
2149 1146 2373 1212 nobile

511 1250 903 1337 emporium.
990 1247 1107 1311 Illa
1163 1245 1547 1312 inviotissimi
1584 1249 1790 1335 Regis
1830 1247 2106 1310 Henrici
2144 1249 2377 1336 Magni

508 1349 754 1430 conjux
772 1397 793 1425 ,
834 1349 1031 1412 tantis
1054 1350 1301 1436 nuptiis
1338 1348 1654 1411 inclaruit.
1731 1348 1895 1411 Haec
1932 1345 2252 1412 sociarum
2273 1370 2378 1412 ur-

507 1446 692 1512 bium
715 1449 786 1513 &
809 1465 1129 1513 terrarum
1165 1446 1517 1512 inviolabili
1541 1445 1775 1510 federe
1799 1447 1966 1510 clara
1985 1448 2191 1534 viget.
2259 1447 2379 1512 Illa

504 1544 1102 1639 potentissimorum
1124 1551 1402 1634 Europae
1421 1549 1689 1634 Regum
1708 1547 1932 1611 Mater
1962 1545 2379 1634 splendidifli-

506 1652 631 1713 mis
653 1651 872 1737 regnis
896 1651 1226 1721 Dominos
1248 1647 1356 1713 vel
1378 1650 1699 1712 Dominas
1724 1644 1930 1710 dedit.
1968 1650 2130 1712 Haec
2153 1669 2383 1714 emun-

509 1745 610 1811 dis
653 1746 1157 1836 vendundisque
1197 1749 1646 1812 mercimoniis
1687 1744 1916 1810 iisdem
1937 1750 2160 1836 regnis
2200 1771 2381 1814 com-

508 1844 709 1913 moda
730 1845 942 1912 adfert
956 1898 976 1927 ,
999 1847 1078 1914 ab
1101 1846 1330 1913 iisdem
1351 1849 1544 1936 capit.
1612 1845 1730 1910 Illa
1751 1848 1972 1936 gentis
1993 1848 2253 1938 inclytae
2272 1870 2382 1913 na-

508 1944 749 2013 talibus
794 1949 1044 2013 eminet
1064 1997 1085 2026 ,
1126 1945 1264 2013 haec
1286 1949 1714 2037 plurimarum
1736 1945 1818 2012 ad
1857 1946 1922 2011 se
1953 1950 2258 2037 gentium
2278 1970 2383 2014 ac·-

510 2044 707 2112 ceffu,
771 2048 890 2112 Illa
911 2046 1264 2132 Majestate
1287 2048 1549 2138 populis
1570 2046 1960 2115 venerabilis
1982 2098 2003 2128 ‚
2035 2048 2174 2116 haec
2195 2050 2391 2117 illicis·

506 2147 674 2211 lucri
693 2147 802 2235 spe
826 2147 1011 2211 domi
1031 2149 1325 2234 forisque
1347 2147 1656 2213 amabilis.
1717 2150 1977 2233 Regina
1996 2168 2199 2216 terras
2239 2151 2385 2215 suo-

508 2266 659 2310 rum
680 2243 1041 2308 monstrare
1064 2241 1458 2332 potest‚quo
1480 2241 1943 2330 navigandum.
1995 2245 2245 2311 Civitas
2267 2269 2386 2314 no·-

510 2344 639 2412 stra
661 2342 884 2410 classes
925 2343 1232 2434 ratesque
1256 2342 1500 2434 quibus
1541 2345 1830 2433 naviget
1905 2343 2165 2434 Regina
2183 2348 2387 2415 Vete-

507 2468 652 2510 lem
671 2445 1094 2533 Novumque
1118 2444 1354 2509 orbem
1373 2445 1483 2510 vel
1502 2442 1787 2508 filiorum
1806 2442 1915 2509 vel
1953 2444 2231 2513 filiarum
2254 2447 2390 2516 sce-

511 2548 673 2634 ptris
699 2545 1185 2634 compleffitur.
1250 2545 1500 2611 Civitas
1541 2543 1680 2609 haec
1720 2542 1946 2634 quod
1929 2567 1994 2609 1n
2019 2564 2386 2640 utrumque

512 2646 754 2712 inferat
778 2696 799 2725 ,
842 2644 1031 2735 quod
1056 2629 1441 2734 abutroque
1463 2663 1723 2735 repetat
1750 2695 1771 2723 ,
1811 2646 2017 2712 veluti
2040 2649 2386 2741 utriusque

516 2749 890 2812 communis
916 2746 1230 2824 Officina‚
1250 2743 1473 2811 habet.
1534 2746 1677 2825 Illi,
1698 2765 1773 2813 ut
1793 2766 2142 2836 poetarum
2162 2750 2385 2822 verbis

516 2845 789 2936 loquar:

1069 2985 1258 3042 generos
1275 2964 1445 3045 Tethys
1461 2965 1587 3021 dedit
1599 2964 1812 3024 omnibus
1825 2969 1965 3025 undis
1974 3016 1985 3026 .

520 3094 682 3161 HaeC
940 3116 1014 3189 cst,
1032 3116 1207 3190 enguis
1221 3111 1498 3192 quaefinibus
1511 3131 1614 3170 orta
1629 3117 1821 3172 tetendit

813 3213 872 3267 In
877 3218 1084 3291 geminos
1096 3234 1223 3273 axes,
1232 3229 1490 3292 parvaque
1504 3214 1646 3291 dftde
1652 3219 1860 3293 profesta

818 3314 1044 3391 Dg'sperstt
1060 3333 1166 3368 cum
1180 3313 1277 3366 Sole
1291 3334 1464 3369 mamm
1476 3359 1487 3369 .

529 3436 647 3504 Illa
663 3486 684 3519 2
821 3461 943 3515 Laem
960 3459 1291 3538 Dedmpartu,
1306 3482 1496 3541 magnos
1511 3464 1745 3541 complexa
1760 3478 1963 3539 nepotes,

832 3561 1307 3638 Omnesfieptrfiros,
1322 3565 1531 3624 nondum
1532 3564 1703 3644 supera
1717 3565 1817 3625 alta
1832 3580 2053 3626 tenentes.

2164 3646 2382 3732 Hujus
