<?xml version="1.0" encoding="UTF-8"?>
<!DOCTYPE html PUBLIC "-//W3C//DTD XHTML 1.0 Transitional//EN"
    "http://www.w3.org/TR/xhtml1/DTD/xhtml1-transitional.dtd">
<html xmlns="http://www.w3.org/1999/xhtml" xml:lang="en" lang="en">
 <head>
  <title>
</title>
<meta http-equiv="Content-Type" content="text/html;charset=utf-8" />
  <meta name='ocr-system' content='tesseract 3.04.00' />
  <meta name='ocr-capabilities' content='ocr_page ocr_carea ocr_par ocr_line ocrx_word'/>
</head>
<body>
  <div class='ocr_page' id='page_1' title='image "./mediceahospessiv00baer/mediceahospessiv00baer_0052.png"; bbox 0 0 2539 4107; ppageno 0'>
   <div class='ocr_carea' id='block_1_1' title="bbox 459 386 2457 2691">
    <p class='ocr_par' dir='ltr' id='par_1_1' title="bbox 466 386 2457 673">
     <span class='ocr_line' id='line_1_1' title="bbox 471 386 1826 445; baseline -0.011 0"><span class='ocrx_word' id='word_1_1' title='bbox 471 398 529 445; x_wconf 79' lang='lat'><strong>28</strong></span> <span class='ocrx_word' id='word_1_2' title='bbox 1020 389 1077 437; x_wconf 90' lang='lat' dir='ltr'>M</span> <span class='ocrx_word' id='word_1_3' title='bbox 1160 389 1197 435; x_wconf 86' lang='lat' dir='ltr'>E</span> <span class='ocrx_word' id='word_1_4' title='bbox 1289 388 1334 434; x_wconf 92' lang='lat' dir='ltr'>D</span> <span class='ocrx_word' id='word_1_5' title='bbox 1422 387 1441 433; x_wconf 94' lang='lat'>1</span> <span class='ocrx_word' id='word_1_6' title='bbox 1528 388 1571 433; x_wconf 89' lang='lat' dir='ltr'><strong>c</strong></span> <span class='ocrx_word' id='word_1_7' title='bbox 1661 386 1697 432; x_wconf 85' lang='lat' dir='ltr'>E</span> <span class='ocrx_word' id='word_1_8' title='bbox 1785 387 1826 431; x_wconf 84' lang='lat' dir='ltr'>A</span> 
     </span>
     <span class='ocr_line' id='line_1_2' title="bbox 470 467 2457 569; baseline -0.006 -24"><span class='ocrx_word' id='word_1_9' title='bbox 470 500 628 569; x_wconf 89' lang='lat' dir='ltr'><strong>erga</strong></span> <span class='ocrx_word' id='word_1_10' title='bbox 666 478 731 543; x_wconf 91' lang='lat' dir='ltr'><strong>se</strong></span> <span class='ocrx_word' id='word_1_11' title='bbox 757 478 1007 540; x_wconf 91' lang='lat' dir='ltr'><strong>animos</strong></span> <span class='ocrx_word' id='word_1_12' title='bbox 1045 491 1235 538; x_wconf 88' lang='lat' dir='ltr'><strong>tanto</strong></span> <span class='ocrx_word' id='word_1_13' title='bbox 1264 469 1629 547; x_wconf 79' lang='lat' dir='ltr'><strong>concursU‚</strong></span> <span class='ocrx_word' id='word_1_14' title='bbox 1673 486 1780 534; x_wconf 91' lang='lat' dir='ltr'><strong>tot</strong></span> <span class='ocrx_word' id='word_1_15' title='bbox 1804 467 2359 558; x_wconf 80' lang='lat' dir='ltr'>gratulationum,</span> <span class='ocrx_word' id='word_1_16' title='bbox 2454 504 2457 506; x_wconf 56' lang='lat'>&gt;</span> 
     </span>
     <span class='ocr_line' id='line_1_3' title="bbox 466 567 2353 673; baseline -0.004 -27"><span class='ocrx_word' id='word_1_17' title='bbox 466 578 869 673; x_wconf 90' lang='lat' dir='ltr'><strong>gaudiorum</strong></span> <span class='ocrx_word' id='word_1_18' title='bbox 910 577 983 641; x_wconf 86' lang='lat'>&amp;</span> <span class='ocrx_word' id='word_1_19' title='bbox 1028 572 1464 641; x_wconf 88' lang='lat' dir='ltr'><strong>festivitatum</strong></span> <span class='ocrx_word' id='word_1_20' title='bbox 1511 568 1744 637; x_wconf 89' lang='lat' dir='ltr'><strong>studiis</strong></span> <span class='ocrx_word' id='word_1_21' title='bbox 1797 589 2072 667; x_wconf 74' lang='lat' dir='ltr'><strong>experta</strong></span> <span class='ocrx_word' id='word_1_22' title='bbox 2118 567 2353 638; x_wconf 87' lang='lat' dir='ltr'><strong>fuerat.</strong></span> 
     </span>
    </p>

    <p class='ocr_par' dir='ltr' id='par_1_2' title="bbox 465 673 2358 774">
     <span class='ocr_line' id='line_1_4' title="bbox 465 673 2358 774; baseline -0.006 -25"><span class='ocrx_word' id='word_1_23' title='bbox 465 685 633 774; x_wconf 87' lang='lat' dir='ltr'><strong>quin</strong></span> <span class='ocrx_word' id='word_1_24' title='bbox 673 681 825 747; x_wconf 93' lang='lat' dir='ltr'><strong>leve</strong></span> <span class='ocrx_word' id='word_1_25' title='bbox 847 682 1105 771; x_wconf 92' lang='lat' dir='ltr'><strong>putavit</strong></span> <span class='ocrx_word' id='word_1_26' title='bbox 1126 727 1145 756; x_wconf 86' lang='grc'>,</span> <span class='ocrx_word' id='word_1_27' title='bbox 1187 678 1376 743; x_wconf 86' lang='lat' dir='ltr'><strong>vocis</strong></span> <span class='ocrx_word' id='word_1_28' title='bbox 1427 695 1666 740; x_wconf 89' lang='lat' dir='ltr'><strong>arcano</strong></span> <span class='ocrx_word' id='word_1_29' title='bbox 1707 673 1882 737; x_wconf 92' lang='lat' dir='ltr'><strong>tueri</strong></span> <span class='ocrx_word' id='word_1_30' title='bbox 1901 674 2139 762; x_wconf 86' lang='lat' dir='ltr'><strong>Remp.</strong></span> <span class='ocrx_word' id='word_1_31' title='bbox 2166 674 2358 756; x_wconf 87' lang='lat' dir='ltr'><strong>cujus</strong></span> 
     </span>
    </p>

    <p class='ocr_par' dir='ltr' id='par_1_3' title="bbox 459 772 2379 2691">
     <span class='ocr_line' id='line_1_5' title="bbox 467 772 2362 873; baseline -0.005 -23"><span class='ocrx_word' id='word_1_32' title='bbox 467 783 654 850; x_wconf 92' lang='lat' dir='ltr'><strong>causa</strong></span> <span class='ocrx_word' id='word_1_33' title='bbox 675 780 945 873; x_wconf 84' lang='lat' dir='ltr'><strong>quidvis</strong></span> <span class='ocrx_word' id='word_1_34' title='bbox 985 780 1208 847; x_wconf 90' lang='lat' dir='ltr'><strong>vellet.</strong></span> <span class='ocrx_word' id='word_1_35' title='bbox 1276 781 1343 841; x_wconf 89' lang='lat' dir='ltr'><strong>in</strong></span> <span class='ocrx_word' id='word_1_36' title='bbox 1366 779 1543 843; x_wconf 91' lang='lat' dir='ltr'><strong>votis</strong></span> <span class='ocrx_word' id='word_1_37' title='bbox 1571 772 1860 840; x_wconf 90' lang='lat' dir='ltr'><strong>habebat</strong></span> <span class='ocrx_word' id='word_1_38' title='bbox 1887 772 2192 839; x_wconf 88' lang='lat' dir='ltr'><strong>futurum</strong></span> <span class='ocrx_word' id='word_1_39' title='bbox 2216 824 2235 852; x_wconf 83' lang='lat'>‚</span> <span class='ocrx_word' id='word_1_40' title='bbox 2284 793 2362 840; x_wconf 92' lang='lat' dir='ltr'><strong>ut</strong></span> 
     </span>
     <span class='ocr_line' id='line_1_6' title="bbox 466 874 2363 964; baseline -0.006 -12"><span class='ocrx_word' id='word_1_41' title='bbox 466 909 603 952; x_wconf 89' lang='lat' dir='ltr'><strong>non</strong></span> <span class='ocrx_word' id='word_1_42' title='bbox 651 887 730 950; x_wconf 92' lang='lat' dir='ltr'>M</span> <span class='ocrx_word' id='word_1_43' title='bbox 757 910 793 948; x_wconf 90' lang='lat' dir='ltr'><strong>A</strong></span> <span class='ocrx_word' id='word_1_44' title='bbox 819 909 859 947; x_wconf 87' lang='lat' dir='ltr'>R</span> <span class='ocrx_word' id='word_1_45' title='bbox 884 906 972 946; x_wconf 84' lang='lat' dir='ltr'><strong>1AE</strong></span> <span class='ocrx_word' id='word_1_46' title='bbox 1021 877 1198 945; x_wconf 88' lang='lat' dir='ltr'><strong>nuda</strong></span> <span class='ocrx_word' id='word_1_47' title='bbox 1219 880 1549 955; x_wconf 83' lang='lat' dir='ltr'><strong>recitati0‚</strong></span> <span class='ocrx_word' id='word_1_48' title='bbox 1571 874 1684 940; x_wconf 89' lang='lat' dir='ltr'><strong>sed</strong></span> <span class='ocrx_word' id='word_1_49' title='bbox 1731 875 1812 939; x_wconf 91' lang='lat' dir='ltr'>M</span> <span class='ocrx_word' id='word_1_50' title='bbox 1838 900 1876 938; x_wconf 92' lang='lat' dir='ltr'>A</span> <span class='ocrx_word' id='word_1_51' title='bbox 1898 898 1939 937; x_wconf 84' lang='lat' dir='ltr'>R</span> <span class='ocrx_word' id='word_1_52' title='bbox 1961 900 1979 937; x_wconf 91' lang='lat'><em>1</em></span> <span class='ocrx_word' id='word_1_53' title='bbox 2002 899 2040 938; x_wconf 91' lang='lat' dir='ltr'>A</span> <span class='ocrx_word' id='word_1_54' title='bbox 2090 875 2221 964; x_wconf 91' lang='lat' dir='ltr'><strong>ipsa</strong></span> <span class='ocrx_word' id='word_1_55' title='bbox 2247 874 2363 940; x_wconf 90' lang='lat' dir='ltr'><strong>Se-</strong></span> 
     </span>
     <span class='ocr_line' id='line_1_7' title="bbox 468 975 2364 1073; baseline -0.006 -22"><span class='ocrx_word' id='word_1_56' title='bbox 468 1005 661 1051; x_wconf 88' lang='lat' dir='ltr'><strong>natus</strong></span> <span class='ocrx_word' id='word_1_57' title='bbox 678 1034 696 1063; x_wconf 85' lang='grc'>,</span> <span class='ocrx_word' id='word_1_58' title='bbox 722 981 976 1073; x_wconf 80' lang='lat' dir='ltr'><strong>populi,</strong></span> <span class='ocrx_word' id='word_1_59' title='bbox 999 981 1440 1047; x_wconf 88' lang='lat' dir='ltr'><strong>mercantium</strong></span> <span class='ocrx_word' id='word_1_60' title='bbox 1465 977 1744 1056; x_wconf 75' lang='lat' dir='ltr'><strong>honori,</strong></span> <span class='ocrx_word' id='word_1_61' title='bbox 1765 975 2165 1041; x_wconf 86' lang='lat' dir='ltr'><strong>felicitati&amp;</strong></span> <span class='ocrx_word' id='word_1_62' title='bbox 2190 977 2364 1041; x_wconf 92' lang='lat' dir='ltr'><strong>utili-</strong></span> 
     </span>
     <span class='ocr_line' id='line_1_8' title="bbox 465 1080 2364 1175; baseline -0.006 -21"><span class='ocrx_word' id='word_1_63' title='bbox 465 1090 587 1154; x_wconf 89' lang='lat' dir='ltr'><strong>tati</strong></span> <span class='ocrx_word' id='word_1_64' title='bbox 610 1082 966 1175; x_wconf 89' lang='lat' dir='ltr'><strong>aliquando</strong></span> <span class='ocrx_word' id='word_1_65' title='bbox 988 1081 1384 1150; x_wconf 76' lang='lat' dir='ltr'><strong>consuleret.</strong></span> <span class='ocrx_word' id='word_1_66' title='bbox 1455 1083 1634 1146; x_wconf 86' lang='lat' dir='ltr'><strong>Huic</strong></span> <span class='ocrx_word' id='word_1_67' title='bbox 1648 1080 1789 1163; x_wconf 89' lang='lat' dir='ltr'><strong>jam</strong></span> <span class='ocrx_word' id='word_1_68' title='bbox 1810 1080 2007 1168; x_wconf 92' lang='lat' dir='ltr'><strong>quies</strong></span> <span class='ocrx_word' id='word_1_69' title='bbox 2034 1095 2173 1142; x_wconf 89' lang='lat' dir='ltr'><strong>erat</strong></span> <span class='ocrx_word' id='word_1_70' title='bbox 2195 1080 2364 1144; x_wconf 88' lang='lat' dir='ltr'><strong>intra</strong></span> 
     </span>
     <span class='ocr_line' id='line_1_9' title="bbox 463 1177 2364 1276; baseline -0.006 -20"><span class='ocrx_word' id='word_1_71' title='bbox 463 1189 649 1256; x_wconf 77' lang='lat' dir='ltr'><strong>Aulae</strong></span> <span class='ocrx_word' id='word_1_72' title='bbox 671 1189 957 1276; x_wconf 90' lang='lat' dir='ltr'><strong>parietes</strong></span> <span class='ocrx_word' id='word_1_73' title='bbox 981 1236 1001 1265; x_wconf 82' lang='grc'>,</span> <span class='ocrx_word' id='word_1_74' title='bbox 1024 1183 1138 1250; x_wconf 90' lang='lat' dir='ltr'><strong>sed</strong></span> <span class='ocrx_word' id='word_1_75' title='bbox 1160 1180 1465 1249; x_wconf 87' lang='lat' dir='ltr'><strong>nondum</strong></span> <span class='ocrx_word' id='word_1_76' title='bbox 1485 1182 1717 1272; x_wconf 86' lang='lat' dir='ltr'><strong>Equiti</strong></span> <span class='ocrx_word' id='word_1_77' title='bbox 1743 1177 1972 1246; x_wconf 89' lang='lat' dir='ltr'><strong>nostro</strong></span> <span class='ocrx_word' id='word_1_78' title='bbox 1999 1229 2019 1258; x_wconf 87' lang='grc'>,</span> <span class='ocrx_word' id='word_1_79' title='bbox 2058 1178 2364 1246; x_wconf 87' lang='lat' dir='ltr'><strong>nondum</strong></span> 
     </span>
     <span class='ocr_line' id='line_1_10' title="bbox 462 1282 2366 1375; baseline -0.006 -20"><span class='ocrx_word' id='word_1_80' title='bbox 462 1287 857 1355; x_wconf 89' lang='lat' dir='ltr'><strong>militaribus</strong></span> <span class='ocrx_word' id='word_1_81' title='bbox 902 1288 1176 1355; x_wconf 86' lang='lat' dir='ltr'><strong>Civium</strong></span> <span class='ocrx_word' id='word_1_82' title='bbox 1215 1287 1447 1375; x_wconf 90' lang='lat' dir='ltr'><strong>copiis.</strong></span> <span class='ocrx_word' id='word_1_83' title='bbox 1527 1306 1669 1372; x_wconf 94' lang='lat' dir='ltr'><strong>quo</strong></span> <span class='ocrx_word' id='word_1_84' title='bbox 1716 1299 2123 1371; x_wconf 80' lang='lat' dir='ltr'><strong>exceperant</strong></span> <span class='ocrx_word' id='word_1_85' title='bbox 2142 1282 2366 1370; x_wconf 49' lang='lat' dir='ltr'><strong>*Regi-</strong></span> 
     </span>
     <span class='ocr_line' id='line_1_11' title="bbox 461 1382 2366 1477; baseline -0.005 -23"><span class='ocrx_word' id='word_1_86' title='bbox 461 1386 613 1454; x_wconf 84' lang='lat' dir='ltr'><strong>nam</strong></span> <span class='ocrx_word' id='word_1_87' title='bbox 636 1389 895 1467; x_wconf 78' lang='lat' dir='ltr'><strong>ordine,</strong></span> <span class='ocrx_word' id='word_1_88' title='bbox 918 1411 1060 1477; x_wconf 93' lang='lat' dir='ltr'><strong>quo</strong></span> <span class='ocrx_word' id='word_1_89' title='bbox 1088 1408 1208 1476; x_wconf 91' lang='lat' dir='ltr'><strong>per</strong></span> <span class='ocrx_word' id='word_1_90' title='bbox 1227 1385 1484 1454; x_wconf 86' lang='lat' dir='ltr'><strong>Vrbem</strong></span> <span class='ocrx_word' id='word_1_91' title='bbox 1510 1382 1965 1461; x_wconf 77' lang='lat' dir='ltr'><strong>deduxerant,</strong></span> <span class='ocrx_word' id='word_1_92' title='bbox 1989 1405 2130 1472; x_wconf 92' lang='lat' dir='ltr'><strong>quo</strong></span> <span class='ocrx_word' id='word_1_93' title='bbox 2158 1383 2366 1447; x_wconf 79' lang='lat' dir='ltr'><strong>comi-</strong></span> 
     </span>
     <span class='ocr_line' id='line_1_12' title="bbox 462 1483 2366 1576; baseline -0.004 -19"><span class='ocrx_word' id='word_1_94' title='bbox 462 1495 582 1558; x_wconf 92' lang='lat' dir='ltr'><strong>tati</strong></span> <span class='ocrx_word' id='word_1_95' title='bbox 611 1513 878 1556; x_wconf 89' lang='lat' dir='ltr'><strong>currum</strong></span> <span class='ocrx_word' id='word_1_96' title='bbox 905 1489 1193 1565; x_wconf 84' lang='lat' dir='ltr'><strong>fuerant,</strong></span> <span class='ocrx_word' id='word_1_97' title='bbox 1215 1487 1457 1553; x_wconf 82' lang='lat' dir='ltr'><strong>Aulam</strong></span> <span class='ocrx_word' id='word_1_98' title='bbox 1478 1486 2031 1576; x_wconf 83' lang='lat' dir='ltr'><strong>praeterequitans</strong></span> <span class='ocrx_word' id='word_1_99' title='bbox 2058 1483 2191 1561; x_wconf 85' lang='lat' dir='ltr'><strong>ille,</strong></span> <span class='ocrx_word' id='word_1_100' title='bbox 2206 1505 2366 1572; x_wconf 81' lang='lat' dir='ltr'><strong>prae-</strong></span> 
     </span>
     <span class='ocr_line' id='line_1_13' title="bbox 462 1582 2366 1683; baseline -0.005 -24"><span class='ocrx_word' id='word_1_101' title='bbox 462 1590 759 1683; x_wconf 87' lang='lat' dir='ltr'><strong>tergressi</strong></span> <span class='ocrx_word' id='word_1_102' title='bbox 782 1590 850 1657; x_wconf 87' lang='lat' dir='ltr'><strong>hi</strong></span> <span class='ocrx_word' id='word_1_103' title='bbox 866 1641 885 1669; x_wconf 84' lang='lat'>‚</span> <span class='ocrx_word' id='word_1_104' title='bbox 907 1612 1047 1656; x_wconf 86' lang='lat' dir='ltr'><strong>non</strong></span> <span class='ocrx_word' id='word_1_105' title='bbox 1066 1587 1182 1653; x_wconf 88' lang='lat' dir='ltr'><strong>nifi</strong></span> <span class='ocrx_word' id='word_1_106' title='bbox 1204 1589 1347 1655; x_wconf 87' lang='lat' dir='ltr'><strong>sero</strong></span> <span class='ocrx_word' id='word_1_107' title='bbox 1372 1587 1651 1677; x_wconf 90' lang='lat' dir='ltr'><strong>vespere</strong></span> <span class='ocrx_word' id='word_1_108' title='bbox 1673 1584 2035 1674; x_wconf 79' lang='lat' dir='ltr'><strong>magnificae</strong></span> <span class='ocrx_word' id='word_1_109' title='bbox 2049 1582 2366 1650; x_wconf 87' lang='lat' dir='ltr'><strong>Introdu-</strong></span> 
     </span>
     <span class='ocr_line' id='line_1_14' title="bbox 467 1684 2364 1777; baseline -0.004 -19"><span class='ocrx_word' id='word_1_110' title='bbox 467 1694 708 1759; x_wconf 69' lang='lat' dir='ltr'><strong>&amp;ionis</strong></span> <span class='ocrx_word' id='word_1_111' title='bbox 734 1692 942 1756; x_wconf 89' lang='lat' dir='ltr'><strong>finem</strong></span> <span class='ocrx_word' id='word_1_112' title='bbox 966 1691 1213 1755; x_wconf 90' lang='lat' dir='ltr'><strong>fecere.</strong></span> <span class='ocrx_word' id='word_1_113' title='bbox 1277 1690 1483 1756; x_wconf 91' lang='lat' dir='ltr'><strong>Cives</strong></span> <span class='ocrx_word' id='word_1_114' title='bbox 1508 1689 1615 1753; x_wconf 91' lang='lat' dir='ltr'><strong>hic</strong></span> <span class='ocrx_word' id='word_1_115' title='bbox 1643 1689 1771 1752; x_wconf 93' lang='lat' dir='ltr'><strong>illic</strong></span> <span class='ocrx_word' id='word_1_116' title='bbox 1794 1688 2006 1777; x_wconf 83' lang='lat' dir='ltr'><strong>igneis</strong></span> <span class='ocrx_word' id='word_1_117' title='bbox 2030 1684 2364 1752; x_wconf 78' lang='lat' dir='ltr'><strong>missilibus</strong></span> 
     </span>
     <span class='ocr_line' id='line_1_15' title="bbox 465 1789 2365 1878; baseline -0.004 -19"><span class='ocrx_word' id='word_1_118' title='bbox 465 1796 532 1859; x_wconf 88' lang='lat' dir='ltr'><strong>in</strong></span> <span class='ocrx_word' id='word_1_119' title='bbox 555 1792 831 1859; x_wconf 89' lang='lat' dir='ltr'><strong>sublime</strong></span> <span class='ocrx_word' id='word_1_120' title='bbox 850 1791 1043 1876; x_wconf 67' lang='lat' dir='ltr'><strong>ja&amp;is</strong></span> <span class='ocrx_word' id='word_1_121' title='bbox 1070 1841 1089 1869; x_wconf 85' lang='grc'>,</span> <span class='ocrx_word' id='word_1_122' title='bbox 1130 1790 1428 1855; x_wconf 89' lang='lat' dir='ltr'><strong>tenebris</strong></span> <span class='ocrx_word' id='word_1_123' title='bbox 1452 1789 1773 1877; x_wconf 62' lang='lat' dir='ltr'><strong>noctique</strong></span> <span class='ocrx_word' id='word_1_124' title='bbox 1795 1789 2019 1852; x_wconf 90' lang='lat' dir='ltr'><strong>lucem</strong></span> <span class='ocrx_word' id='word_1_125' title='bbox 2043 1838 2063 1866; x_wconf 83' lang='lat'>‚</span> <span class='ocrx_word' id='word_1_126' title='bbox 2107 1790 2365 1878; x_wconf 90' lang='lat' dir='ltr'><strong>privato</strong></span> 
     </span>
     <span class='ocr_line' id='line_1_16' title="bbox 467 1887 2365 1985; baseline -0.003 -26"><span class='ocrx_word' id='word_1_127' title='bbox 467 1894 755 1985; x_wconf 89' lang='lat' dir='ltr'><strong>quisque</strong></span> <span class='ocrx_word' id='word_1_128' title='bbox 779 1891 1025 1958; x_wconf 59' lang='lat' dir='ltr'><strong>affectu</strong></span> <span class='ocrx_word' id='word_1_129' title='bbox 1046 1941 1066 1971; x_wconf 86' lang='grc'>,</span> <span class='ocrx_word' id='word_1_130' title='bbox 1103 1889 1541 1956; x_wconf 84' lang='lat' dir='ltr'><strong>foenerabant.</strong></span> <span class='ocrx_word' id='word_1_131' title='bbox 1611 1911 1759 1978; x_wconf 75' lang='lat' dir='ltr'><strong>quae</strong></span> <span class='ocrx_word' id='word_1_132' title='bbox 1783 1887 1943 1952; x_wconf 91' lang='lat' dir='ltr'><strong>licet</strong></span> <span class='ocrx_word' id='word_1_133' title='bbox 1967 1887 2365 1954; x_wconf 88' lang='lat' dir='ltr'><strong>summarum</strong></span> 
     </span>
     <span class='ocr_line' id='line_1_17' title="bbox 466 1987 2367 2082; baseline -0.004 -21"><span class='ocrx_word' id='word_1_134' title='bbox 466 1994 706 2061; x_wconf 74' lang='lat' dir='ltr'><strong>aedium</strong></span> <span class='ocrx_word' id='word_1_135' title='bbox 735 1997 807 2061; x_wconf 83' lang='lat'>&amp;</span> <span class='ocrx_word' id='word_1_136' title='bbox 831 1996 1113 2060; x_wconf 88' lang='lat' dir='ltr'><strong>turrium</strong></span> <span class='ocrx_word' id='word_1_137' title='bbox 1133 1989 1389 2082; x_wconf 75' lang='lat' dir='ltr'><strong>fastigia</strong></span> <span class='ocrx_word' id='word_1_138' title='bbox 1408 2007 1770 2082; x_wconf 77' lang='lat' dir='ltr'><strong>aequarent,</strong></span> <span class='ocrx_word' id='word_1_139' title='bbox 1787 1987 1952 2061; x_wconf 89' lang='lat' dir='ltr'><strong>infra</strong></span> <span class='ocrx_word' id='word_1_140' title='bbox 1972 2007 2198 2054; x_wconf 89' lang='lat' dir='ltr'><strong>tamen</strong></span> <span class='ocrx_word' id='word_1_141' title='bbox 2220 1991 2367 2055; x_wconf 88' lang='lat' dir='ltr'><strong>Ma-</strong></span> 
     </span>
     <span class='ocr_line' id='line_1_18' title="bbox 459 2089 2369 2184; baseline -0.001 -24"><span class='ocrx_word' id='word_1_142' title='bbox 459 2094 718 2180; x_wconf 88' lang='lat' dir='ltr'><strong>jestatis</strong></span> <span class='ocrx_word' id='word_1_143' title='bbox 742 2096 865 2159; x_wconf 80' lang='lat' dir='ltr'><strong>suae</strong></span> <span class='ocrx_word' id='word_1_144' title='bbox 885 2094 1164 2184; x_wconf 81' lang='lat' dir='ltr'><strong>gloriam</strong></span> <span class='ocrx_word' id='word_1_145' title='bbox 1190 2093 1572 2180; x_wconf 85' lang='lat' dir='ltr'><strong>famamque</strong></span> <span class='ocrx_word' id='word_1_146' title='bbox 1596 2089 2093 2156; x_wconf 86' lang='lat' dir='ltr'><strong>attollebantur.</strong></span> <span class='ocrx_word' id='word_1_147' title='bbox 2138 2089 2369 2159; x_wconf 74' lang='lat' dir='ltr'><strong>Solum</strong></span> 
     </span>
     <span class='ocr_line' id='line_1_19' title="bbox 466 2189 2366 2284; baseline -0.002 -22"><span class='ocrx_word' id='word_1_148' title='bbox 466 2198 799 2262; x_wconf 89' lang='lat' dir='ltr'><strong>resolutus</strong></span> <span class='ocrx_word' id='word_1_149' title='bbox 826 2195 861 2259; x_wconf 77' lang='lat' dir='ltr'><strong>a</strong></span> <span class='ocrx_word' id='word_1_150' title='bbox 882 2191 1162 2260; x_wconf 86' lang='lat' dir='ltr'><strong>meridie</strong></span> <span class='ocrx_word' id='word_1_151' title='bbox 1188 2195 1256 2256; x_wconf 88' lang='lat' dir='ltr'><strong>in</strong></span> <span class='ocrx_word' id='word_1_152' title='bbox 1277 2194 1570 2284; x_wconf 82' lang='lat' dir='ltr'><strong>pluviam</strong></span> <span class='ocrx_word' id='word_1_153' title='bbox 1595 2189 1802 2258; x_wconf 85' lang='lat' dir='ltr'><strong>aether</strong></span> <span class='ocrx_word' id='word_1_154' title='bbox 1824 2190 2092 2280; x_wconf 90' lang='lat' dir='ltr'><strong>queruli</strong></span> <span class='ocrx_word' id='word_1_155' title='bbox 2125 2189 2366 2259; x_wconf 87' lang='lat' dir='ltr'><strong>sermo-</strong></span> 
     </span>
     <span class='ocr_line' id='line_1_20' title="bbox 466 2290 2369 2371; baseline -0.003 -9"><span class='ocrx_word' id='word_1_156' title='bbox 466 2300 569 2363; x_wconf 85' lang='lat' dir='ltr'><strong>nis</strong></span> <span class='ocrx_word' id='word_1_157' title='bbox 596 2297 925 2363; x_wconf 83' lang='lat' dir='ltr'><strong>nonnullis</strong></span> <span class='ocrx_word' id='word_1_158' title='bbox 954 2297 1297 2361; x_wconf 86' lang='lat' dir='ltr'><strong>materiam</strong></span> <span class='ocrx_word' id='word_1_159' title='bbox 1321 2290 1871 2360; x_wconf 87' lang='lat' dir='ltr'><strong>subministrabat.</strong></span> <span class='ocrx_word' id='word_1_160' title='bbox 1943 2295 2168 2371; x_wconf 81' lang='lat' dir='ltr'><strong>Erant,</strong></span> <span class='ocrx_word' id='word_1_161' title='bbox 2192 2310 2270 2358; x_wconf 94' lang='lat' dir='ltr'><strong>ut</strong></span> <span class='ocrx_word' id='word_1_162' title='bbox 2302 2295 2369 2357; x_wconf 91' lang='lat' dir='ltr'><strong>in</strong></span> 
     </span>
     <span class='ocr_line' id='line_1_21' title="bbox 468 2394 2373 2486; baseline -0.003 -23"><span class='ocrx_word' id='word_1_163' title='bbox 468 2399 914 2465; x_wconf 87' lang='lat' dir='ltr'><strong>divinationes</strong></span> <span class='ocrx_word' id='word_1_164' title='bbox 941 2420 1149 2486; x_wconf 93' lang='lat' dir='ltr'><strong>prona</strong></span> <span class='ocrx_word' id='word_1_165' title='bbox 1168 2396 1315 2461; x_wconf 92' lang='lat' dir='ltr'><strong>sunt</strong></span> <span class='ocrx_word' id='word_1_166' title='bbox 1342 2394 1721 2460; x_wconf 89' lang='lat' dir='ltr'><strong>mortalium</strong></span> <span class='ocrx_word' id='word_1_167' title='bbox 1753 2395 2021 2483; x_wconf 90' lang='lat' dir='ltr'><strong>ingenia</strong></span> <span class='ocrx_word' id='word_1_168' title='bbox 2042 2442 2062 2471; x_wconf 83' lang='lat'>‚</span> <span class='ocrx_word' id='word_1_169' title='bbox 2110 2396 2227 2484; x_wconf 95' lang='lat' dir='ltr'><strong>qui</strong></span> <span class='ocrx_word' id='word_1_170' title='bbox 2250 2395 2373 2459; x_wconf 78' lang='lat' dir='ltr'><strong>mi-</strong></span> 
     </span>
     <span class='ocr_line' id='line_1_22' title="bbox 470 2498 2372 2589; baseline -0.003 -24"><span class='ocrx_word' id='word_1_171' title='bbox 470 2522 597 2566; x_wconf 87' lang='lat' dir='ltr'><strong>nus</strong></span> <span class='ocrx_word' id='word_1_172' title='bbox 657 2498 1051 2589; x_wconf 88' lang='lat' dir='ltr'><strong>auspicatam</strong></span> <span class='ocrx_word' id='word_1_173' title='bbox 1090 2498 1380 2587; x_wconf 87' lang='lat' dir='ltr'><strong>pluviam</strong></span> <span class='ocrx_word' id='word_1_174' title='bbox 1433 2498 2052 2584; x_wconf 88' lang='lat' dir='ltr'><strong>interpretarentur.</strong></span> <span class='ocrx_word' id='word_1_175' title='bbox 2136 2512 2372 2560; x_wconf 88' lang='lat' dir='ltr'><strong>contra</strong></span> 
     </span>
     <span class='ocr_line' id='line_1_23' title="bbox 471 2592 2379 2691; baseline -0.003 -25"><span class='ocrx_word' id='word_1_176' title='bbox 471 2603 593 2691; x_wconf 91' lang='lat' dir='ltr'><strong>qui</strong></span> <span class='ocrx_word' id='word_1_177' title='bbox 618 2602 871 2690; x_wconf 89' lang='lat' dir='ltr'><strong>optima</strong></span> <span class='ocrx_word' id='word_1_178' title='bbox 896 2602 964 2663; x_wconf 91' lang='lat' dir='ltr'><strong>in</strong></span> <span class='ocrx_word' id='word_1_179' title='bbox 984 2598 1092 2689; x_wconf 89' lang='lat' dir='ltr'><strong>spe</strong></span> <span class='ocrx_word' id='word_1_180' title='bbox 1115 2596 1390 2675; x_wconf 77' lang='lat' dir='ltr'><strong>habent,</strong></span> <span class='ocrx_word' id='word_1_181' title='bbox 1410 2619 1550 2662; x_wconf 88' lang='lat' dir='ltr'><strong>non</strong></span> <span class='ocrx_word' id='word_1_182' title='bbox 1573 2592 1845 2662; x_wconf 83' lang='lat' dir='ltr'><strong>tristitiae</strong></span> <span class='ocrx_word' id='word_1_183' title='bbox 1868 2596 1941 2660; x_wconf 86' lang='lat'>&amp;</span> <span class='ocrx_word' id='word_1_184' title='bbox 1963 2593 2237 2675; x_wconf 81' lang='lat' dir='ltr'><strong>doloriS‚</strong></span> <span class='ocrx_word' id='word_1_185' title='bbox 2256 2594 2379 2661; x_wconf 74' lang='lat' dir='ltr'><strong>sed‘</strong></span> 
     </span>
    </p>
   </div>
   <div class='ocr_carea' id='block_1_2' title="bbox 470 2695 2480 2791">
    <p class='ocr_par' dir='ltr' id='par_1_4' title="bbox 470 2695 2480 2791">
     <span class='ocr_line' id='line_1_24' title="bbox 470 2695 2480 2791; baseline -0.002 -24"><span class='ocrx_word' id='word_1_186' title='bbox 470 2702 709 2768; x_wconf 72' lang='lat' dir='ltr'><strong>laetitiae</strong></span> <span class='ocrx_word' id='word_1_187' title='bbox 736 2699 1039 2791; x_wconf 88' lang='lat' dir='ltr'><strong>bonique</strong></span> <span class='ocrx_word' id='word_1_188' title='bbox 1068 2703 1308 2765; x_wconf 89' lang='lat' dir='ltr'><strong>ominis</strong></span> <span class='ocrx_word' id='word_1_189' title='bbox 1333 2697 1635 2788; x_wconf 90' lang='lat' dir='ltr'><strong>prodigia</strong></span> <span class='ocrx_word' id='word_1_190' title='bbox 1655 2698 1832 2764; x_wconf 88' lang='lat' dir='ltr'><strong>coelo</strong></span> <span class='ocrx_word' id='word_1_191' title='bbox 1852 2695 2168 2787; x_wconf 91' lang='lat' dir='ltr'><strong>portendi</strong></span> <span class='ocrx_word' id='word_1_192' title='bbox 2188 2696 2372 2763; x_wconf 87' lang='lat' dir='ltr'><strong>dice·</strong></span> <span class='ocrx_word' id='word_1_193' title='bbox 2470 2695 2480 2708; x_wconf 84' lang='lat'>&#39;</span> 
     </span>
    </p>
   </div>
   <div class='ocr_carea' id='block_1_3' title="bbox 470 2798 2373 3787">
    <p class='ocr_par' dir='ltr' id='par_1_5' title="bbox 470 2798 2373 3705">
     <span class='ocr_line' id='line_1_25' title="bbox 474 2798 2371 2890; baseline -0.002 -22"><span class='ocrx_word' id='word_1_194' title='bbox 474 2801 636 2870; x_wconf 90' lang='lat' dir='ltr'><strong>bant</strong></span> <span class='ocrx_word' id='word_1_195' title='bbox 663 2830 676 2868; x_wconf 77' lang='grc' dir='ltr'>ε</span> <span class='ocrx_word' id='word_1_196' title='bbox 703 2799 940 2869; x_wconf 83' lang='lat' dir='ltr'><strong>fulsisse</strong></span> <span class='ocrx_word' id='word_1_197' title='bbox 961 2801 1095 2868; x_wconf 92' lang='lat' dir='ltr'><strong>hoc</strong></span> <span class='ocrx_word' id='word_1_198' title='bbox 1118 2800 1227 2867; x_wconf 92' lang='lat' dir='ltr'><strong>die</strong></span> <span class='ocrx_word' id='word_1_199' title='bbox 1251 2801 1502 2879; x_wconf 84' lang='lat' dir='ltr'><strong>Solem,</strong></span> <span class='ocrx_word' id='word_1_200' title='bbox 1527 2798 1702 2866; x_wconf 86' lang='lat' dir='ltr'><strong>flaffe</strong></span> <span class='ocrx_word' id='word_1_201' title='bbox 1726 2801 1968 2864; x_wconf 89' lang='lat' dir='ltr'><strong>leniter</strong></span> <span class='ocrx_word' id='word_1_202' title='bbox 1989 2799 2371 2890; x_wconf 78' lang='lat' dir='ltr'><strong>Zephyr08‚</strong></span> 
     </span>
     <span class='ocr_line' id='line_1_26' title="bbox 470 2894 2372 2993; baseline -0.002 -25"><span class='ocrx_word' id='word_1_203' title='bbox 470 2904 827 2993; x_wconf 89' lang='lat' dir='ltr'><strong>impulsum</strong></span> <span class='ocrx_word' id='word_1_204' title='bbox 858 2903 991 2968; x_wconf 89' lang='lat' dir='ltr'><strong>fine</strong></span> <span class='ocrx_word' id='word_1_205' title='bbox 1019 2903 1328 2990; x_wconf 88' lang='lat' dir='ltr'><strong>procellis</strong></span> <span class='ocrx_word' id='word_1_206' title='bbox 1352 2903 1759 2986; x_wconf 87' lang='lat' dir='ltr'><strong>Neptunum</strong></span> <span class='ocrx_word' id='word_1_207' title='bbox 1784 2894 2187 2964; x_wconf 73' lang='lat' dir='ltr'><strong>assurrexisse</strong></span> <span class='ocrx_word' id='word_1_208' title='bbox 2217 2901 2372 2968; x_wconf 83' lang='lat' dir='ltr'><strong>Gal-</strong></span> 
     </span>
     <span class='ocr_line' id='line_1_27' title="bbox 473 2996 2372 3090; baseline -0.002 -20"><span class='ocrx_word' id='word_1_209' title='bbox 473 3004 584 3071; x_wconf 91' lang='lat' dir='ltr'><strong>lici</strong></span> <span class='ocrx_word' id='word_1_210' title='bbox 608 3006 800 3070; x_wconf 90' lang='lat' dir='ltr'><strong>maris</strong></span> <span class='ocrx_word' id='word_1_211' title='bbox 828 3004 1158 3080; x_wconf 58' lang='lat' dir='ltr'><strong>Dominae,</strong></span> <span class='ocrx_word' id='word_1_212' title='bbox 1182 3002 1356 3065; x_wconf 88' lang='lat' dir='ltr'><strong>Yam</strong></span> <span class='ocrx_word' id='word_1_213' title='bbox 1379 2996 1879 3090; x_wconf 86' lang='lat' dir='ltr'><strong>Amstelamque</strong></span> <span class='ocrx_word' id='word_1_214' title='bbox 1904 3000 2055 3067; x_wconf 76' lang='lat' dir='ltr'><strong>laeto</strong></span> <span class='ocrx_word' id='word_1_215' title='bbox 2077 3024 2372 3069; x_wconf 89' lang='lat' dir='ltr'><strong>murmu-</strong></span> 
     </span>
     <span class='ocr_line' id='line_1_28' title="bbox 474 3099 2370 3196; baseline 0.001 -27"><span class='ocrx_word' id='word_1_216' title='bbox 474 3127 547 3170; x_wconf 91' lang='lat' dir='ltr'><strong>re</strong></span> <span class='ocrx_word' id='word_1_217' title='bbox 575 3107 732 3196; x_wconf 85' lang='lat' dir='ltr'><strong>ripis</strong></span> <span class='ocrx_word' id='word_1_218' title='bbox 760 3099 1234 3194; x_wconf 65' lang='lat' dir='ltr'><strong>adstrepuiffe·⁹</strong></span> <span class='ocrx_word' id='word_1_219' title='bbox 1279 3100 1652 3167; x_wconf 87' lang='lat' dir='ltr'><strong>Vulcanum</strong></span> <span class='ocrx_word' id='word_1_220' title='bbox 1685 3100 1723 3164; x_wconf 78' lang='lat' dir='ltr'><strong>e</strong></span> <span class='ocrx_word' id='word_1_221' title='bbox 1764 3101 2087 3168; x_wconf 91' lang='lat' dir='ltr'><strong>machinis</strong></span> <span class='ocrx_word' id='word_1_222' title='bbox 2116 3101 2370 3170; x_wconf 91' lang='lat' dir='ltr'><strong>bellicis</strong></span> 
     </span>
     <span class='ocr_line' id='line_1_29' title="bbox 479 3200 2373 3296; baseline 0.002 -30"><span class='ocrx_word' id='word_1_223' title='bbox 479 3205 671 3293; x_wconf 88' lang='lat' dir='ltr'><strong>ignes</strong></span> <span class='ocrx_word' id='word_1_224' title='bbox 699 3207 847 3272; x_wconf 89' lang='lat' dir='ltr'><strong>suos</strong></span> <span class='ocrx_word' id='word_1_225' title='bbox 878 3200 1239 3274; x_wconf 78' lang='lat' dir='ltr'><strong>evomuisse</strong></span> <span class='ocrx_word' id='word_1_226' title='bbox 1256 3253 1275 3282; x_wconf 84' lang='grc'>,</span> <span class='ocrx_word' id='word_1_227' title='bbox 1297 3221 1787 3269; x_wconf 89' lang='lat' dir='ltr'><strong>tormentorum</strong></span> <span class='ocrx_word' id='word_1_228' title='bbox 1806 3204 2068 3296; x_wconf 85' lang='lat' dir='ltr'><strong>fragore</strong></span> <span class='ocrx_word' id='word_1_229' title='bbox 2098 3204 2373 3272; x_wconf 91' lang='lat' dir='ltr'><strong>concus-</strong></span> 
     </span>
     <span class='ocr_line' id='line_1_30' title="bbox 481 3301 2369 3398; baseline 0.002 -30"><span class='ocrx_word' id='word_1_230' title='bbox 481 3304 615 3369; x_wconf 89' lang='lat' dir='ltr'><strong>sam</strong></span> <span class='ocrx_word' id='word_1_231' title='bbox 635 3306 976 3398; x_wconf 78' lang='lat' dir='ltr'><strong>Tellurem</strong></span> <span class='ocrx_word' id='word_1_232' title='bbox 1019 3335 1032 3372; x_wconf 86' lang='lat'><strong>:</strong></span> <span class='ocrx_word' id='word_1_233' title='bbox 1082 3306 1249 3396; x_wconf 90' lang='lat' dir='ltr'><strong>Non</strong></span> <span class='ocrx_word' id='word_1_234' title='bbox 1288 3302 1571 3393; x_wconf 84' lang='lat' dir='ltr'><strong>potuiffe</strong></span> <span class='ocrx_word' id='word_1_235' title='bbox 1606 3328 1743 3372; x_wconf 89' lang='lat' dir='ltr'><strong>non</strong></span> <span class='ocrx_word' id='word_1_236' title='bbox 1782 3309 1982 3372; x_wconf 90' lang='lat' dir='ltr'><strong>etiam</strong></span> <span class='ocrx_word' id='word_1_237' title='bbox 2001 3301 2369 3389; x_wconf 83' lang='lat' dir='ltr'><strong>Iunonem,</strong></span> 
     </span>
     <span class='ocr_line' id='line_1_31' title="bbox 482 3407 2371 3498; baseline 0 -28"><span class='ocrx_word' id='word_1_238' title='bbox 482 3428 633 3496; x_wconf 80' lang='lat' dir='ltr'><strong>quae</strong></span> <span class='ocrx_word' id='word_1_239' title='bbox 659 3413 766 3471; x_wconf 76' lang='lat' dir='ltr'><strong>aer</strong></span> <span class='ocrx_word' id='word_1_240' title='bbox 789 3407 906 3486; x_wconf 80' lang='lat' dir='ltr'><strong>est,</strong></span> <span class='ocrx_word' id='word_1_241' title='bbox 927 3412 994 3472; x_wconf 90' lang='lat' dir='ltr'><strong>in</strong></span> <span class='ocrx_word' id='word_1_242' title='bbox 1013 3425 1270 3498; x_wconf 91' lang='lat' dir='ltr'><strong>partem</strong></span> <span class='ocrx_word' id='word_1_243' title='bbox 1288 3408 1514 3471; x_wconf 89' lang='lat' dir='ltr'><strong>venire</strong></span> <span class='ocrx_word' id='word_1_244' title='bbox 1542 3411 1915 3473; x_wconf 88' lang='lat' dir='ltr'><strong>communis</strong></span> <span class='ocrx_word' id='word_1_245' title='bbox 1942 3407 2204 3497; x_wconf 76' lang='lat' dir='ltr'><strong>gaudii,</strong></span> <span class='ocrx_word' id='word_1_246' title='bbox 2243 3427 2371 3471; x_wconf 90' lang='lat' dir='ltr'><strong>nec</strong></span> 
     </span>
     <span class='ocr_line' id='line_1_32' title="bbox 484 3506 2369 3598; baseline 0.001 -27"><span class='ocrx_word' id='word_1_247' title='bbox 484 3508 604 3574; x_wconf 72' lang='lat' dir='ltr'><strong>alia</strong></span> <span class='ocrx_word' id='word_1_248' title='bbox 647 3509 818 3574; x_wconf 90' lang='lat' dir='ltr'><strong>illam</strong></span> <span class='ocrx_word' id='word_1_249' title='bbox 838 3513 1091 3574; x_wconf 87' lang='lat' dir='ltr'><strong>ratione</strong></span> <span class='ocrx_word' id='word_1_250' title='bbox 1132 3506 1446 3598; x_wconf 89' lang='lat' dir='ltr'><strong>gaudium</strong></span> <span class='ocrx_word' id='word_1_251' title='bbox 1472 3507 1690 3574; x_wconf 86' lang='lat' dir='ltr'><strong>testari</strong></span> <span class='ocrx_word' id='word_1_252' title='bbox 1729 3507 2053 3598; x_wconf 74' lang='lat' dir='ltr'><strong>potuisse,</strong></span> <span class='ocrx_word' id='word_1_253' title='bbox 2101 3506 2369 3598; x_wconf 89' lang='lat' dir='ltr'><strong>quarnfi</strong></span> 
     </span>
     <span class='ocr_line' id='line_1_33' title="bbox 487 3608 2367 3705; baseline -0.002 -30"><span class='ocrx_word' id='word_1_254' title='bbox 487 3608 735 3679; x_wconf 65' lang='lat' dir='ltr'><strong>coactis</strong></span> <span class='ocrx_word' id='word_1_255' title='bbox 755 3661 775 3691; x_wconf 83' lang='lat'>,</span> <span class='ocrx_word' id='word_1_256' title='bbox 802 3610 1045 3705; x_wconf 92' lang='lat' dir='ltr'><strong>quibus</strong></span> <span class='ocrx_word' id='word_1_257' title='bbox 1072 3614 1347 3700; x_wconf 85' lang='lat' dir='ltr'><strong>imperat</strong></span> <span class='ocrx_word' id='word_1_258' title='bbox 1371 3609 1657 3676; x_wconf 91' lang='lat' dir='ltr'><strong>nubibus</strong></span> <span class='ocrx_word' id='word_1_259' title='bbox 1673 3661 1693 3689; x_wconf 84' lang='grc'>,</span> <span class='ocrx_word' id='word_1_260' title='bbox 1713 3613 1778 3673; x_wconf 88' lang='lat' dir='ltr'><strong>in</strong></span> <span class='ocrx_word' id='word_1_261' title='bbox 1799 3611 2086 3700; x_wconf 90' lang='lat' dir='ltr'><strong>pluviam</strong></span> <span class='ocrx_word' id='word_1_262' title='bbox 2109 3609 2244 3673; x_wconf 91' lang='lat' dir='ltr'><strong>illas</strong></span> <span class='ocrx_word' id='word_1_263' title='bbox 2267 3630 2367 3672; x_wconf 92' lang='lat' dir='ltr'><strong>re-</strong></span> 
     </span>
    </p>

    <p class='ocr_par' dir='ltr' id='par_1_6' title="bbox 2125 3709 2365 3787">
     <span class='ocr_line' id='line_1_34' title="bbox 2125 3709 2365 3787; baseline -0.004 -14"><span class='ocrx_word' id='word_1_264' title='bbox 2125 3709 2365 3787; x_wconf 80' lang='lat' dir='ltr'><strong>solvat,</strong></span> 
     </span>
    </p>
   </div>
  </div>
 </body>
</html>
