2539 4107
770 224 815 272 H
906 229 952 274 O
1046 228 1072 273 S
1166 227 1199 272 P
1291 228 1328 276 E
1418 227 1469 277 S.
2015 235 2073 282 61

197 311 979 407 gustiffin1u5‚Gallia1·um
1002 316 1300 379 omnium
1317 314 1539 381 haereS.
1566 317 1786 408 Qod
1809 335 2074 409 tempus

196 418 521 505 Reginam
544 411 860 479 subduxit
886 413 1104 491 nobi5‚
1127 415 1476 502 Nepotem
1498 422 1858 484 maximum
1886 420 2076 488 dedit

199 517 424 594 Gallis,
448 513 596 604 post
618 514 1023 603 desperatam
1046 511 1184 578 fere
1207 516 1441 603 viginti
1466 520 1538 582 &
1565 519 1725 582 ultra
1754 541 2074 587 annorum

196 618 395 707 spem.
469 605 858 705 Auspicatus
888 611 1212 705 egressus⁹
1235 619 1342 679 cui
1365 615 1651 682 fatorum
1675 619 1882 684 veluti
1919 645 2074 686 con-
2159 652 2171 668 ι

195 718 542 806 spiratione
583 717 991 807 synchronos
1016 713 1141 779 fuit
1163 714 1696 784 desideratissima:
1736 718 1979 785 sobolis
2008 726 2074 785 in

193 816 519 882 mundum
547 815 884 905 ingressus,
935 813 1192 881 Orbem
1219 818 1511 884 salutavit
1538 842 1813 908 magnus
1840 823 2075 887 novus—

195 941 331 1007 que
353 917 530 983 orbis
558 917 793 1007 hospes
809 968 829 995 ,
857 920 928 981 &
952 919 1236 985 Francici
1252 967 1271 994 ,
1294 916 1338 981 fi
1364 923 1516 983 Fata
1539 920 1746 986 finent
1764 971 1782 998 ,
1807 920 2070 986 futurus

193 1020 431 1097 rector,
453 1041 605 1083 cum
627 1017 804 1083 orbis
828 1021 1144 1106 Emporio
1167 1016 1479 1084 valedixit
1502 1019 2073 1096 Amstelodamen-

192 1119 355 1186 fium
399 1142 533 1185 rara
565 1169 584 1198 ‚
630 1121 701 1184 &
744 1117 1155 1208 praedicanda
1189 1119 1472 1209 HospeS.
1559 1125 1691 1211 qua
1731 1119 1901 1187 nulla
1963 1149 2002 1187 D
2029 1150 2073 1188 1-

194 1246 465 1286 GNIOR
563 1244 1055 1284 AMSTELIAS
1154 1245 1641 1285 PATEFECIT
1741 1248 2073 1288 FEMINA

193 1348 221 1385 P
248 1348 289 1386 o
318 1347 357 1385 R
382 1346 419 1385 T
448 1346 483 1385 A
510 1347 554 1384 s,
646 1322 735 1386 Vt
766 1324 832 1384 in
858 1324 1032 1385 votis
1056 1321 1342 1385 desinam
1368 1360 1382 1396 ς
1410 1325 1733 1412 Reginam
1760 1326 2073 1402 Matrem,

192 1445 368 1487 nunc
390 1423 679 1510 Liligerae
708 1445 792 1486 ex
815 1421 947 1486 filio
968 1424 1163 1511 prolis
1190 1423 1423 1487 Aviam
1448 1462 1462 1496 3
1510 1427 1558 1487 L
1589 1450 1629 1488 o
1660 1451 1698 1488 D
1729 1451 1770 1488 o
1798 1450 1832 1487 v
1863 1450 1878 1487 1
1909 1449 1942 1487 c
1971 1451 2004 1489 v
2029 1451 2074 1488 M

190 1525 475 1613 Regem,
501 1544 675 1587 nunc
700 1526 964 1587 Patrem
990 1560 1005 1596 5
1036 1526 1382 1611 Reginam,
1396 1525 1532 1606 jam
1555 1527 1844 1588 Matrem
1869 1561 1883 1596 3
1912 1525 2073 1588 Del-

190 1624 467 1712 phinum
490 1673 509 1700 ,
550 1624 773 1689 Galliae
800 1622 1144 1713 totiusque
1167 1627 1442 1711 Europae
1464 1627 1803 1689 communi
1828 1622 2073 1712 gaudio

192 1725 265 1787 &
287 1723 471 1789 bono
496 1740 747 1800 natum,
768 1723 982 1788 servet
1005 1773 1023 1800 ‚
1047 1742 1358 1812 protegat
1378 1773 1397 1801 ‚
1427 1743 1691 1789 tueatur
1752 1750 1791 1787 D
1818 1750 1835 1786 1
1863 1750 1897 1787 v
1926 1749 2012 1788 IN
2039 1749 2076 1788 A

190 1850 237 1888 M
266 1850 302 1889 A
326 1851 343 1888 1
370 1851 401 1888 E
433 1852 456 1888 s
483 1849 522 1887 T
549 1850 585 1888 A
610 1851 636 1887 s
657 1872 676 1901 ‚
720 1843 796 1889 ut
835 1825 906 1889 &
935 1824 1021 1888 illi
1058 1822 1376 1890 laudanda
1400 1823 1658 1915 semper
1688 1822 1961 1889 subditis
2002 1847 2076 1888 ac

189 1925 527 1992 Federatis
549 1925 890 2003 faciant‚&
908 1926 975 1990 hi
995 1926 1098 1990 illa
1115 1924 1377 1991 laudare
1394 1948 1738 2016 nunquam
1754 1924 2069 1990 desinant.

192 2027 297 2092 Ita
316 2028 435 2093 fiet
462 2078 481 2106 ‚
530 2044 606 2090 ut
634 2028 706 2091 &
728 2024 1105 2092 distractum
1132 2026 1362 2091 misere
1403 2029 1468 2089 in
1488 2026 1815 2092 bellorum
1854 2044 2072 2114 partes

191 2131 469 2217 Europae
510 2149 583 2190 ac
605 2125 949 2192 Christiani
992 2128 1169 2193 orbis
1218 2150 1459 2217 corpus
1485 2177 1507 2206 ,
1552 2125 1922 2193 eorundem
1943 2129 2074 2190 Re-

190 2250 353 2317 gum
372 2231 891 2317 Principumque
924 2226 1152 2293 studiis
1198 2230 1270 2293 &
1297 2227 1751 2293 moderamine
1789 2229 2074 2315 aliquan-

187 2328 282 2395 do
305 2327 627 2396 coalescat
653 2378 674 2406 ,
701 2330 773 2393 &
799 2326 1098 2394 restituta
1122 2328 1360 2393 securae
1381 2331 1558 2417 pacis
1588 2328 1905 2393 felicitate
1929 2377 1947 2405 ,
1983 2330 2076 2392 vi-

191 2450 380 2519 geat,
404 2431 658 2508 floreat,
681 2429 946 2494 crescat.
1012 2433 1165 2495 Hoc
1191 2432 1415 2495 Patriae
1436 2427 1692 2507 nostrae,
1719 2429 1848 2493 hoc
1876 2430 2074 2517 Regi-

192 2530 316 2597 bus
341 2582 360 2610 ‚
415 2530 547 2596 hoc
574 2532 823 2620 populo
847 2581 867 2608 ,
917 2531 1050 2595 hoc
1079 2529 1380 2596 Ecclefiae
1407 2548 1535 2595 tuae
1583 2531 1813 2618 largire
1856 2579 1876 2606 ,
1943 2555 1987 2592 M
2012 2554 2073 2593 A·

193 2657 406 2710 GNE,
472 2655 829 2695 AETERNE
895 2657 1136 2695 DEVS.

331 2836 416 2898 In
439 2835 697 2899 Natum
728 2833 1087 2900 Galliarum
1115 2831 1525 2921 Delphinum
1554 2829 1798 2897 eodem
1826 2829 1935 2894 die

519 2948 577 3001 &
593 2941 749 3010 hora,
765 2941 874 3019 qua
891 2939 1319 2998 Amstelodamo
1338 2938 1575 2997 disceflit
1596 2940 1736 2995 Avia

393 3054 836 3102 MARIA
959 3054 1100 3100 DE
1225 3050 1847 3097 MEDICIS‚

341 3190 583 3318 QValia
606 3192 657 3243 in
674 3187 1270 3262 athereofhcceduntstdera
1292 3188 1486 3268 Offlmpo
1501 3228 1515 3248 ,

589 3289 850 3365 Alteraqne
866 3282 1114 3365 exurgunt,
1132 3289 1280 3342 altem
1302 3288 1425 3362 lapſsz
1441 3286 1619 3340 cadunt
1633 3310 1646 3337 s

378 3394 569 3468 ‘Perque
583 3393 710 3444 vices
727 3387 1061 3461 radiamstellis
1075 3385 1380 3441 variantibus
1395 3386 1527 3440 aether
1537 3428 1552 3446 ,

524 3483 677 3544 Nunc
691 3487 790 3550 hoc,
807 3509 934 3542 nunc
959 3488 1030 3541 illo
1046 3502 1203 3541 mutat
1226 3490 1275 3541 in
1292 3484 1522 3559 orbefizces

1934 3554 2069 3610 (Τιίίι)7
